3074 5422
566 420 724 478 ..77-

131 555 216 618 Dein
237 554 296 617 has
316 565 390 616 octo
410 553 543 617 criticas
558 553 690 643 regulas
711 553 876 630 observet,
897 577 978 642 quas
993 553 1034 617 de
1053 555 1155 618 verbo
1166 555 1207 619 ad

88 652 222 715 verbum
249 650 459 715 Cliehtoveus
485 651 518 714 in
543 650 769 715 controversia
788 650 1061 740 Magdalenorum
1081 653 1204 741 posuit.
1286 730 1290 735 ι

89 750 251 814 Observat
265 748 354 812 enim
376 749 408 810 in
429 748 490 812 hac
506 749 721 836 quaestione:

132 851 166 910 1⁰
190 847 362 911 Materiam
383 845 424 910 de
441 847 544 910 Maria
554 871 668 911 sorore
688 848 850 925 Marthae,
867 861 962 912 etc...
980 847 1021 911 ad
1034 847 1207 912 historiam

88 945 256 1033 pertinere
276 968 343 1007 non
360 944 400 1008 ad
416 944 527 1008 fidem.

133 1045 166 1108 2⁰
192 1045 228 1106 ln
248 1043 289 1106 iis
310 1067 394 1131 quae
412 1055 563 1130 spectant
583 1042 623 1106 ad
644 1043 828 1121 historiam,
857 1043 996 1109 maxime
1026 1044 1066 1108 iis
1100 1057 1207 1108 atten-

88 1141 233 1204 dendum
257 1165 329 1204 esse
360 1141 414 1228 qui
445 1165 484 1203 eo
508 1153 658 1227 tempore
695 1142 901 1228 scripserunt
932 1166 997 1229 quo
1017 1166 1070 1206 res
1093 1155 1207 1233 gestae

89 1239 191 1302 suere.

132 1340 165 1400 3⁰
189 1339 269 1401 Post
289 1337 352 1400 hoc
365 1338 469 1425 magis
490 1360 604 1400 eorum
617 1336 751 1424 scriptis
768 1336 922 1400 standum
935 1361 1007 1401 esse
1028 1339 1084 1426 qui
1096 1363 1206 1402 rerum

89 1447 256 1524 gestarum
276 1435 484 1522 temporibus
504 1433 681 1498 viciniores
702 1433 847 1499 fuerunt.

134 1535 166 1595 4⁰
191 1535 239 1595 Ex
255 1533 294 1596 iis
313 1533 371 1619 qui
399 1545 568 1620 postremo
586 1532 659 1595 loco
683 1532 858 1620 scripsere,
894 1534 1005 1620 potius
1033 1533 1132 1597 fidem
1166 1533 1206 1601 iis

89 1630 310 1695 adhibendam
331 1655 404 1694 esse
425 1631 481 1718 qui
502 1654 575 1695 eum
596 1629 724 1694 ratione
741 1630 905 1718 scripsere
925 1655 1024 1719 quam
1040 1631 1098 1719 qui
1119 1631 1206 1696 nude

89 1742 187 1817 atque
207 1728 415 1816 simpliciter,
439 1753 560 1816 easque
575 1728 721 1792 rationes
737 1729 884 1816 potiores
894 1753 967 1793 esse
988 1753 1072 1817 quae
1091 1730 1154 1794 rite
1166 1754 1207 1793 ex

89 1827 268 1914 Evangelio
288 1827 506 1890 desumuntur
527 1839 581 1890 aut
596 1828 666 1912 ejus
688 1827 885 1891 concordiae
895 1827 1000 1918 magis
1014 1827 1207 1916 conspirant

90 1949 187 2013 quam
203 1948 287 2014 quae
308 1949 415 1988 secus.

134 2026 166 2086 5⁰
186 2025 223 2086 In
245 2022 389 2110 propriis
407 2023 521 2110 reique
532 2022 789 2087 accommodatis
804 2022 897 2101 loeis,
912 2023 1114 2111 scriptorum
1130 2047 1207 2087 sen·

89 2122 210 2185 tentias
230 2120 304 2209 plus
327 2121 457 2185 roboris
478 2121 601 2185 habere
622 2145 720 2210 quam
741 2134 832 2184 extra
851 2121 1008 2185 materiae
1038 2122 1206 2209 subjectae

89 2218 308 2306 propositum.

102 2367 105 2376 .
135 2320 166 2380 6⁰
192 2316 228 2382 Si
248 2317 305 2405 qui
321 2317 354 2380 in
366 2316 501 2404 scriptis
513 2317 593 2393 suis,
616 2317 742 2380 eisdem
759 2317 799 2381 de
820 2318 920 2382 rebus
936 2317 1103 2381 interdum
1118 2316 1206 2380 varia

90 2414 205 2508 etnsibi
226 2414 307 2502 ipsis
323 2413 568 2502 quodammodo
583 2415 748 2479 contraria
768 2415 923 2491 sentiant,
945 2415 1071 2478 dictum
1091 2438 1206 2479 eorum

90 2512 178 2600 quod
199 2512 303 2601 magis
314 2512 434 2575 rationi
450 2524 482 2575 et
498 2512 741 2600 antiquioribus
761 2511 953 2591 concordat,
971 2512 1204 2592 validiusesse,

90 2611 229 2673 alterum
250 2623 359 2674 autem
380 2609 568 2673 invalidius.

135 2713 166 2770 7⁰
191 2709 389 2796 hpocrypha
410 2720 442 2771 et
458 2733 541 2795 quae
557 2721 634 2771 sunt
660 2709 777 2772 incerti
794 2709 955 2785 authoris,
972 2722 1087 2772 eontra
1108 2710 1205 2772 ratio·

90 2831 164 2870 nem
185 2820 217 2870 et
238 2809 399 2894 majorum
420 2806 555 2893 scripta,
574 2806 699 2869 nullum
714 2807 836 2870 habere
854 2819 1070 2884 momentum,
1090 2806 1206 2870 itidem

90 2929 149 2969 nec
165 2905 439 2969 consuetudinem
454 2904 506 2967 his
522 2903 755 2968 introductam.

133 3004 166 3065 8⁰
192 3002 373 3065 Ecclesiam
391 3026 455 3065 non
477 3003 655 3090 prohibere
672 3002 705 3065 in
722 3002 833 3065 dubiis
854 3002 1072 3091 disceptando
1099 3003 1205 3091 inqui-

89 3125 161 3163 rere
177 3101 362 3178 veritatem,
385 3124 493 3189 neque
515 3124 609 3163 usum
629 3100 788 3164 ecclesiae
804 3102 844 3163 ab
861 3100 901 3162 iis
922 3099 1059 3177 offendi,
1082 3101 1137 3189 qui
1159 3101 1206 3164 sie

89 3199 312 3285 disceptantes
329 3222 403 3260 eum
425 3199 543 3261 tollere
560 3198 689 3276 nolunt,
706 3197 764 3260 sed
785 3198 962 3261 observare
982 3210 1014 3260 et
1029 3199 1144 3262 volunt
1175 3210 1207 3261 et

89 3308 325 3384 protestantur,
349 3295 494 3384 quandiu
516 3296 655 3359 ecelesia
671 3295 705 3358 in
726 3320 764 3359 eo
787 3320 847 3359 usu
868 3295 998 3359 fuerit¹.

133 3397 201 3457 Hae
221 3393 354 3481 regulae
375 3393 497 3457 criticae
517 3394 650 3482 quidem
671 3393 824 3456 videntur
844 3406 877 3457 et
897 3392 1104 3481 probandae;
1127 3406 1205 3457 atta-

90 3517 165 3556 meu
186 3492 253 3554 sive
269 3490 400 3570 aBeda,
432 3491 499 3554 sive
518 3516 533 3554 a
555 3491 719 3555 l.Fishe1·
740 3490 873 3554 luerunt
894 3491 1067 3569 refutatae,
1091 3504 1205 3580 utpote

89 3615 206 3678 parum
231 3589 430 3653 testimoniis
459 3589 617 3665 faventes,
644 3601 677 3652 et
707 3589 841 3652 nimiam
868 3589 1056 3653 libertatem
1086 3614 1205 3653 conee-

90 3688 218 3752 dentes.

133 3786 235 3850 Pauci
256 3799 335 3849 tune
355 3798 449 3849 erant
473 3786 529 3873 qui
555 3785 693 3849 liberam
720 3786 805 3848 hanc
826 3797 858 3848 et
884 3784 1033 3851 criticam
1054 3785 1088 3848 in
1108 3787 1206 3848 rebus

90 3884 323 3948 ecclesiasticis
344 3883 454 3947 dubiis
472 3883 762 3973 investigationem
784 3883 983 3970 probabant,
1005 3882 1206 3971 dolebatque

91 3982 300 4046 Clichtoveus
324 3983 411 4045 viros
441 3982 498 4068 qui
517 3994 627 4045 textus
654 3994 709 4044 aut
735 3981 911 4045 restituere
939 3994 995 4044 aut
1018 3980 1206 4072 intelligere

91 4081 304 4168 quaerebant,
321 4104 338 4143 a
355 4079 565 4143 multitudine
581 4079 818 4142 traditionibus
834 4079 932 4142 infixa
955 4078 1038 4143 male
1060 4079 1183 4166 suscipi
1197 4104 1203 4141 ι

93 4206 106 4239 (ι
129 4179 286 4256 Tametsi,
304 4178 425 4253 aiebat,
444 4177 731 4240 commendatione
752 4176 977 4264 prosequendi
997 4177 1107 4264 potius
1128 4201 1206 4239 cen-

94 4289 224 4340 seantur
244 4300 341 4364 quam
362 4275 494 4339 inimice
517 4275 715 4352 insectandi,
738 4277 794 4362 qui
809 4299 870 4362 pro
889 4275 1016 4338 viribus
1036 4275 1207 4339 elaborant

95 4374 146 4437 illa
169 4375 380 4463 castigatiora
393 4387 425 4437 et
441 4372 667 4437 emendatiora
689 4372 828 4436 reddere
845 4397 928 4460 quae
945 4373 978 4436 in
991 4372 1206 4436 concinendis

130 4597 153 4647 1.
174 4594 338 4662 Defensio...
356 4595 374 4646 f.
390 4597 423 4648 95
437 4606 477 4649 v0.
