3074 5422
558 388 717 449 ,21-

73 525 212 612 jamque
229 522 434 587 solummodo
451 521 519 584 lere
533 524 650 586 Sacros
663 522 865 610 Scripturas,
880 524 1065 610 priscorum
1078 525 1201 612 scripta

77 624 228 698 Patrum,
249 620 503 684 visionariorum
525 620 662 696 somnia,
686 621 1049 710 contemplationesque
1070 623 1200 710 piorum

77 720 245 794 versabat,
278 731 321 795 et,
356 730 432 805 post
459 718 698 781 Commentario
735 718 767 780 in
798 718 964 805 Epistulas
994 719 1060 783 divi
1091 720 1196 799 Pauli,

78 818 202 880 librum
224 818 333 880 Trium
350 821 492 879 m‘rorum
508 829 539 879 et
555 816 687 880 Ni'eolat
704 816 831 879 Caroni
843 842 944 903 opera
961 817 1097 894 inedita,
1117 843 1200 906 quac

77 914 241 978 retulerat
265 938 304 977 ex
327 913 516 990 Germania,
539 913 628 1000 typis
650 913 837 977 mandabat.
861 917 1099 1002 Mertyrologii
1118 941 1200 1003 quo·

78 1037 146 1101 que
164 1012 303 1076 Romani
319 1036 435 1074 novam
452 1012 588 1098 parabat
608 1010 800 1074 editionem.

126 1110 334 1198 incipiebant
350 1122 471 1186 autem,
492 1110 554 1172 hoc
576 1109 690 1172 codem
706 1121 869 1197 tempore,
888 1135 971 1198 quae
993 1110 1033 1174 de
1054 1112 1200 1175 Luthero

77 1208 350 1299 divulgabantur,
368 1207 481 1271 Gallos
502 1230 629 1283 omnes,
648 1207 715 1270 sive
730 1207 918 1296 theologos
938 1207 1005 1270 sive
1020 1208 1197 1287 litteratos,

78 1330 298 1384 commovere,
321 1305 365 1368 ita
387 1317 433 1382 ut,
459 1304 622 1392 quidquid
643 1329 682 1367 ex
702 1305 877 1369 Germania
899 1305 1033 1392 prodire
1053 1306 1104 1369 vel
1127 1331 1199 1370 cum

78 1405 258 1497 Germanis
279 1402 467 1467 consentire
482 1401 668 1479 videbatur,
695 1414 750 1466 aut
779 1402 856 1466 odio
876 1416 931 1467 aut
955 1428 1076 1483 amore,
1101 1416 1200 1491 prout

77 1504 242 1590 cujusque
276 1500 441 1564 sententia
474 1513 555 1576 erat,
587 1499 724 1590 dignum
754 1500 951 1564 habebatur.
980 1503 1076 1579 llinc,
1113 1502 1200 1565 circa

76 1599 193 1676 Fabri,
216 1598 421 1674 Briconneti,
440 1597 504 1660 imo
521 1611 553 1661 et
569 1598 752 1661 Clichtovei
768 1623 927 1684 personas
944 1599 1197 1688 opinionesque,

80 1697 192 1789 gravis
211 1719 286 1760 mox
298 1708 369 1759 orta
385 1708 435 1758 cst
455 1696 690 1770 controversia,
707 1708 740 1759 et
755 1695 892 1783 deipsis
908 1697 962 1760 alii
979 1698 1074 1761 aliter
1091 1722 1199 1762 sense·

78 1809 171 1860 runt.
193 1795 300 1858 Faber
314 1806 438 1857 textum
454 1794 644 1857 Aristotelis
664 1793 878 1881 primitivum,
898 1796 1022 1883 rejecto
1042 1820 1141 1883 quem
1157 1796 1200 1859 le·

78 1918 160 1982 gere
170 1893 320 1956 solebant
330 1891 507 1968 scolastici,
518 1892 726 1967 restituebat,
739 1892 895 1980 mysticos
907 1907 1070 1970 auctoreS,
1085 1896 1200 1957 Patres

78 1991 247 2078 antiquoS,
272 1989 544 2077 Scripturamquc
562 1991 706 2068 Sacram,
726 1990 917 2078 'l'heulogis,
931 1991 1200 2078 Doctoribusque

78 2089 301 2176 praeferebat,
320 2087 479 2175 quosdam
501 2087 716 2174 epistolarum
733 2087 798 2150 divi
816 2088 908 2151 Pauli
924 2089 1104 2152 versiculos
1119 2114 1199 2152 nova

78 2187 227 2250 donabat
250 2184 545 2273 interpretatione;
567 2185 648 2248 hacc
669 2198 701 2248 et
735 2185 797 2249 alia
824 2186 1026 2250 Sorbonicos
1047 2187 1201 2251 Navarri-
1293 2240 1294 2244 ,

79 2308 205 2372 cosque
232 2297 265 2347 ct
285 2296 432 2347 caeteros
455 2283 610 2371 antiquae
638 2282 829 2347 traditionis
850 2296 1030 2347 sectatores
1051 2283 1200 2348 offende-

78 2383 174 2461 bant,
196 2381 428 2445 humaniorum
448 2404 525 2444 vcro
545 2380 731 2444 litterarum
752 2395 914 2445 amatores
930 2383 1069 2446 multum
1093 2383 1201 2446 delec-

77 2481 206 2544 tabant.
224 2483 292 2544 Hoc
304 2479 403 2542 etiam
419 2479 506 2542 inter
522 2480 706 2543 Germanos
720 2479 795 2557 iter,
809 2480 844 2542 in
860 2504 925 2567 quo
941 2481 1075 2543 Fabera
1088 2480 1200 2544 multis

78 2579 203 2642 honori
222 2577 326 2641 luerat
345 2576 490 2655 habitus,
509 2588 541 2639 et
557 2576 754 2640 Reuchlinio
770 2591 883 2641 contra
905 2578 1094 2669 Theologos
1106 2578 1200 2643 Colo-

79 2675 215 2740 nienses
230 2674 452 2762 applauserat,
473 2686 505 2737 et
529 2675 648 2738 multos
669 2675 853 2766 collegerat
873 2675 989 2754 libros,
1013 2701 1110 2740 eausa
1130 2691 1200 2741 erat

80 2798 142 2838 cur
152 2773 270 2838 horum
286 2773 550 2850 admirationem,
565 2772 696 2836 illorum
707 2797 785 2836 vero
798 2774 1021 2862 suspicionem
1034 2777 1197 2838 movebat.

80 2873 205 2936 Contra
226 2871 334 2958 ipsum
349 2870 529 2934 animosius
546 2883 685 2958 egerunt
706 2871 866 2960 Theologi
888 2896 1018 2935 necnon
1032 2885 1064 2937 et
1084 2875 1200 2937 Mona·

79 2969 148 3047 chi,
176 2969 296 3057 quibus
316 2967 489 3032 addendus
518 2982 568 3031 est
588 2969 756 3047 Erasmus,
788 2970 844 3056 qui
873 2971 1028 3048 Fabrum,
1058 2971 1097 3034 de
1125 2971 1200 3058 qui-

79 3066 220 3132 busdam
246 3069 366 3165 Sacrae
402 3066 592 3153 Scripturae
622 3067 880 3144 commentariis
913 3067 1027 3132 odiose
1054 3069 1200 3132 animad-

79 3165 190 3230 vertit.
218 3168 282 3229 Pro
304 3164 376 3250 ipso
402 3176 510 3227 autem
534 3164 728 3254 pugnabant
748 3189 862 3228 ornnes
885 3165 1068 3230 litterarum
1090 3168 1197 3246 amici,

80 3263 170 3327 inter
196 3286 279 3350 quos
308 3260 473 3336 Budaeus
496 3263 658 3338 Ruzaeus,
692 3264 881 3349 Stephanus
910 3265 1125 3343 Poncherius,
1156 3267 1196 3329 G.

79 3363 218 3433 Parvus,
237 3360 578 3446 Ambasianorumque
594 3359 729 3436 familia,
749 3385 890 3446 quorum
907 3361 1058 3449 plerique
1071 3363 1199 3426 Erasmi

79 3471 197 3522 contra
212 3458 354 3521 Fabrum
378 3457 515 3545 injurias
535 3481 634 3549 aegre
652 3457 812 3522 tulerunt.
832 3461 913 3536 lmo,
933 3459 1067 3545 quidam
1085 3460 1196 3538 ltalus,

79 3559 213 3621 Marcus
233 3555 387 3647 Vigerius
404 3554 592 3633 cardinalis,
610 3579 671 3642 pro
698 3555 807 3618 Fabro
829 3556 963 3643 scripsit
987 3557 1196 3646 Apologiem.

124 3655 229 3720 Nemo
249 3665 358 3717 tamen
382 3653 428 3716 sic
453 3653 551 3716 Fabri
574 3653 723 3740 partibus
756 3653 815 3716 tuit
843 3653 1007 3732 addictae,
1030 3655 1198 3719 utClich·

77 3765 196 3817 toveus
231 3763 354 3828 noster,
386 3775 482 3837 quem
509 3751 729 3837 Hieronymus
760 3751 945 3839 Papiensis,
976 3753 1136 3843 Magistro
1166 3754 1199 3816 in

78 3851 187 3940 gloria
220 3849 389 3936 aequalem
424 3848 609 3936 iisdemque
639 3849 797 3935 operibus
827 3849 1003 3930 intentum,
1040 3850 1196 3941 effingit¹.

78 4061 119 4110 De
132 4055 224 4123 officio
244 4054 358 4116 missae,
382 4054 496 4106 Librum
509 4054 593 4106 trium
614 4055 766 4108 uirorum...
788 4062 813 4107 et
831 4075 909 4126 opera
924 4056 1038 4110 Nicolai
1054 4062 1146 4110 Casae
1162 4077 1200 4110 as·

78 4128 200 4200 portavit.

115 4203 140 4252 1.
163 4199 194 4250 In
209 4196 320 4255 Duelli),
338 4196 449 4247 scribens
464 4197 563 4247 Bovillo
578 4199 612 4248 sic
627 4197 741 4267 loquitur
763 4197 797 4248 H.
820 4197 968 4268 Papiensis:
987 4220 1001 4249 a
1021 4198 1085 4264 Quis
1106 4201 1201 4251 reserat

81 4271 190 4340 gloriam
206 4268 347 4321 Clichtovei
361 4287 426 4338 quae
440 4269 546 4319 resultat
559 4269 585 4319 in
601 4269 692 4325 Fabro.
713 4269 774 4319 dum
795 4270 847 4339 ipse
863 4271 960 4339 vigilias
979 4290 1069 4322 omnes
1090 4290 1199 4341 concop-

83 4342 215 4411 tionesque
229 4340 306 4391 Fabri
320 4341 384 4410 stylo
399 4340 587 4407 elegantissimo
601 4341 703 4409 reponit
715 4341 741 4390 in
754 4342 863 4411 scriptis,
880 4348 910 4392 ut
922 4342 959 4392 illi
970 4342 997 4392 in
1010 4342 1099 4393 studiis
1112 4344 1199 4393 omni-

84 4413 130 4464 bus
144 4411 357 4483 prudentissimus
372 4411 404 4462 sit
418 4411 536 4461 Achates
554 4410 606 4476 Qui
621 4412 641 4462 F
642 4412 734 4462 altrum
749 4412 833 4480 diligit
847 4413 1035 4482 ingratissimus
1058 4415 1098 4471 sit,
1112 4415 1132 4464 si
1148 4434 1200 4464 non

88 4490 152 4536 amet
165 4483 351 4536 Clichtoveum.
369 4481 445 4532 Hunc
458 4501 517 4532 cum
531 4483 584 4552 ipse
604 4502 655 4533 non
671 4483 779 4534 viderim
794 4484 873 4553 (apud
894 4485 1020 4553 Fabrum)
1033 4486 1201 4537 vehementer

90 4561 170 4607 tamen
180 4555 268 4623 diligo,
285 4573 344 4606 cum
358 4573 388 4604 ex
404 4553 508 4623 epistola
525 4561 575 4614 tua,
593 4573 657 4624 quac
672 4554 751 4624 ipsius
766 4555 852 4606 laudes
869 4556 1011 4625 plurimum
1025 4557 1201 4620 commendat,
