3074 5422
793 402 971 463 -llt-

319 542 489 595 tamentum
510 555 600 594 suum
617 554 651 593 uc
674 554 760 592 suam
776 533 914 593 ultimam
935 535 1127 595 voluntatem
1144 536 1216 595 lecit
1239 543 1270 595 et
1288 536 1442 616 disposuit

319 624 452 684 modoet
468 624 565 682 sorma
581 620 794 702 sequentibus.

359 715 392 772 ln
418 713 550 771 Nomine
575 711 675 770 Patris
698 718 729 770 et
755 711 824 770 Filii
849 719 880 771 et
903 712 1037 792 Spiritus
1064 713 1180 773 Sancti.
1211 714 1277 790 Ego
1301 714 1443 773 Judoeus

319 803 492 874 Clicbtoue‚
517 802 548 860 in
563 801 681 860 artibus
697 809 728 859 et
744 800 900 879 theologia
922 800 1070 879 Magister
1089 801 1280 875 parisiensis,
1303 810 1335 862 et
1357 824 1442 883 pres-

318 891 398 951 biter
415 891 601 949 Morinensis
621 889 763 961 diocesis
791 898 884 970 atque
899 891 1066 949 canonicus
1085 890 1239 970 prebende
1255 891 1442 970 theologalis

318 981 446 1060 insignis
459 979 586 1039 ecclesie
601 979 810 1052 Carnotensis‚
834 986 1053 1039 testamentum
1070 1002 1184 1052 meum,
1203 981 1262 1040 hoc
1281 981 1376 1040 modo
1389 981 1442 1061 qui

319 1070 469 1150 sequitur,
492 1068 745 1129 constituendum
768 1068 905 1127 decrevi.
923 1069 956 1126 ln
969 1070 1075 1149 primis
1089 1070 1213 1150 postulo
1231 1070 1442 1133 ecelesiastica

318 1160 526 1228 Sacramenta,
552 1157 679 1225 scilicet,
704 1157 908 1229 Poenitentie‚
933 1158 1124 1218 Eucharistie
1145 1166 1175 1218 et
1195 1159 1341 1219 Extreme
1362 1159 1444 1219 Unc-

319 1248 421 1320 tioni5‚
445 1247 612 1307 secundum
634 1246 787 1306 laudabile
811 1246 946 1306 Ecclesie
975 1248 1180 1308 constitutum
1197 1247 1261 1328 jam
1282 1248 1444 1308 morituris

318 1336 525 1396 administrari
548 1334 649 1406 solita,
674 1343 704 1395 et
727 1335 820 1394 michi
841 1357 964 1416 quoque
988 1344 1059 1396 ante
1080 1337 1143 1396 vite
1159 1358 1226 1396 mee
1249 1337 1341 1396 finem
1358 1337 1443 1418 (cum

318 1427 419 1485 adhue
434 1424 597 1484 incolumis
613 1425 642 1483 in
659 1445 707 1483 me
727 1424 820 1483 luerit
841 1446 914 1484 usus
934 1425 1072 1497 rationis)
1093 1426 1124 1484 in
1149 1426 1256 1485 ultima
1277 1447 1345 1485 mea
1362 1427 1444 1506 egri-

319 1515 425 1574 tudine
449 1514 597 1586 exhiberi,
623 1534 742 1572 necnon
763 1513 1002 1573 ecclesiasticam
1023 1513 1214 1595 sepulturam
1238 1515 1331 1574 miehi
1348 1516 1443 1575 etiam

318 1610 389 1685 post
407 1611 537 1662 mortem
553 1602 706 1682 impendi;
720 1611 854 1683 petoque
865 1624 977 1683 eorpus
994 1625 1097 1663 mcum
1115 1603 1237 1684 sepeliri
1252 1604 1393 1677 Carnoti‚
1413 1605 1444 1662 in

319 1693 446 1752 ecclesia
462 1692 630 1773 parochiali
650 1692 909 1765 Sancti-Andree,
932 1693 1007 1752 etin
1027 1693 1123 1753 choro
1144 1693 1282 1772 ejusdem
1299 1693 1442 1766 ecclesie,

319 1782 400 1843 circa
413 1781 547 1841 medium
564 1780 640 1860 ejus,
659 1781 696 1839 ad
712 1802 804 1861 quem
819 1781 920 1841 locum
937 1782 1111 1841 deducatur
1122 1803 1192 1842 cum
1204 1783 1336 1842 honesto
1347 1783 1445 1844 comi-

320 1878 386 1930 tatu
401 1871 479 1930 inlra
491 1870 685 1950 explicando.

360 1961 393 2018 ln
410 1959 617 2020 conductione
631 1967 734 2019 autem
751 1959 867 2018 funeris
879 1961 950 2031 mei,
965 1961 1098 2040 primum
1112 1961 1151 2019 ad
1162 1961 1293 2021 chorum
1305 1960 1444 2021 Ecclesie

320 2048 512 2109 Cathedralis
534 2055 565 2107 et
587 2048 698 2107 deinde
720 2047 758 2106 ad
781 2048 948 2107 Ecclesiam
971 2049 1228 2122 Sancti-Andree,
1253 2070 1324 2109 eum
1350 2058 1444 2110 cantu

319 2137 448 2197 solemni
473 2159 511 2196 ex
534 2136 624 2196 solito
648 2137 713 2195 lieri
732 2158 787 2217 pro
809 2137 974 2211 defunctis,
993 2137 1164 2198 habeantur
1181 2139 1356 2198 octodecim
1374 2139 1444 2198 tede

319 2248 448 2307 quarum
472 2224 590 2305 singule
609 2234 671 2284 tres
691 2226 869 2285 contineant
890 2227 965 2286 duas
984 2226 1077 2286 libras
1098 2249 1178 2300 cere,
1201 2235 1232 2287 et
1256 2249 1336 2287 unus
1354 2249 1446 2288 cerus

319 2315 473 2394 oblongus
488 2323 559 2375 ante
576 2315 723 2374 feretrum
735 2315 919 2375 deferendus
935 2337 991 2396 pro
1005 2335 1107 2388 more;
1125 2326 1156 2376 et
1172 2338 1241 2376 oum
1257 2326 1444 2398 perventum

320 2405 414 2464 suerit
434 2404 472 2464 ad
496 2403 657 2463 eeclesiam
678 2404 934 2476 Sancti-Andree‚
956 2404 1056 2464 media
1077 2427 1147 2486 pars
1162 2405 1284 2465 illarum
1300 2406 1444 2466 tedarum

320 2494 409 2553 cedat
426 2494 456 2551 in
474 2514 563 2552 usum
580 2492 715 2552 Ecelesic
733 2493 826 2552 Beate
843 2492 940 2552 Marie
953 2494 1091 2573 Virginis
1107 2494 1243 2554 etaltera
1257 2516 1328 2574 pars
1343 2495 1444 2555 media

320 2589 476 2642 remaneat
500 2603 570 2640 cum
595 2581 702 2641 sunere
726 2603 886 2662 quousque
908 2589 1010 2642 totum
1037 2584 1174 2642 officium
1197 2582 1328 2643 funebre
1351 2584 1446 2644 fuerit

320 2678 479 2752 peractum
495 2692 563 2730 oum
580 2670 749 2750 sepultura,
764 2679 794 2731 et
810 2678 917 2750 postea
930 2672 1020 2731 cedat
1035 2673 1065 2730 in
1077 2693 1165 2732 usum
1182 2672 1312 2732 ecclesie
1324 2673 1445 2732 Sancti-

320 2759 455 2819 Andree.
478 2759 538 2818 Pro
564 2759 738 2840 pulsatione
760 2781 834 2818 vero
855 2759 984 2819 solemni
1012 2761 1148 2820 facienda
1172 2761 1204 2820 in
1231 2761 1360 2821 eeclesia
1386 2762 1445 2821 Ca-

320 2848 452 2908 thedrali
473 2849 566 2908 Beate
589 2848 726 2927 Virginis
746 2848 838 2928 paulo
859 2858 928 2929 post
946 2849 1064 2909 obitum
1090 2871 1204 2922 meum,
1223 2858 1294 2910 ante
1311 2851 1446 2910 eonduc-

322 2938 436 2996 tionem
461 2938 522 2995 mei
545 2937 672 3009 funeris,
700 2945 731 2996 et
754 2938 784 2995 in
804 2938 869 3017 ipsa
892 2939 1099 2998 conductione
1125 2938 1264 3019 ejusdem
1287 2939 1445 3019 usquead

320 3026 480 3086 ecelesiam
505 3026 761 3098 Sancti-andree,
791 3026 919 3105 designo
943 3027 1058 3086 dandas
1083 3048 1149 3087 esse
1172 3027 1384 3108 pulsatoribus
1409 3028 1446 3086 il-

320 3114 418 3175 larum
435 3136 652 3195 campanarum
668 3116 805 3195 quinque
828 3114 920 3174 libras
944 3124 1126 3176 turonenses
1145 3125 1177 3176 ut
1195 3117 1249 3176 fiat
1264 3116 1445 3197 hujusmodi

321 3204 452 3285 pulsatio
471 3204 599 3264 honeste
613 3226 648 3262 ex
665 3204 757 3264 solito
771 3226 866 3263 nrore.
888 3204 965 3264 Peto
980 3213 1083 3265 autem
1101 3206 1271 3285 impensius
1287 3206 1446 3266 canonicis

321 3292 449 3354 ecclesie
464 3293 558 3352 Reate
575 3293 673 3352 Marie
689 3302 720 3352 et
735 3293 865 3353 horariis
886 3302 978 3375 atquc
1001 3295 1208 3355 matutinariis
1227 3303 1257 3355 et
1279 3295 1446 3376 capellanis

321 3382 460 3463 ejusdem
475 3382 602 3441 ecclesie
618 3404 688 3441 curn
704 3383 931 3454 matriculariis
948 3384 1090 3443 assistere
1105 3383 1305 3442 conductioni
1324 3384 1385 3443 mei
1402 3383 1448 3443 lu-

321 3471 402 3530 neris
413 3493 429 3530 a
441 3471 534 3530 domo
546 3493 583 3530 ex
594 3493 654 3552 qua
666 3471 741 3530 illud
752 3473 899 3531 elleretur
910 3494 1006 3553 usque
1020 3474 1050 3531 in
1062 3472 1221 3532 eeclesiam
1235 3473 1446 3532 cathedralem

321 3568 352 3620 et
370 3560 480 3619 deinde
496 3560 533 3619 ab
545 3560 595 3620 illa
612 3561 762 3641 usquead
778 3561 937 3621 ecclesiam
955 3562 1215 3636 Sancti-Andree;
1233 3563 1289 3643 pro
1301 3584 1361 3643 qua
1377 3582 1449 3623 con-

322 3649 466 3709 ductione
484 3649 593 3708 ordino
609 3650 719 3729 cuique
740 3650 959 3709 canonicorum
982 3650 1110 3710 ecclesie
1132 3651 1318 3711 cathedralis
1340 3672 1447 3732 perso-

322 3738 432 3797 naliter
445 3738 655 3797 assistcntium
675 3738 792 3798 dandos
812 3760 877 3798 esse
894 3760 950 3820 pro
971 3740 1244 3799 distributionibus
1268 3748 1387 3821 septem
1404 3762 1449 3799 so·

321 3826 400 3886 lidos
418 3835 448 3886 ct
463 3849 517 3886 sex
535 3827 678 3886 denarios
693 3835 886 3887 turonenses.
904 3829 955 3886 Sic
970 3841 1073 3887 tamen
1089 3829 1318 3910 quodquinque
1339 3850 1447 3889 eorum

322 3916 484 3996 iungentes
504 3916 632 3975 ecclesie
656 3916 841 3976 cathedralis
865 3917 1069 3995 dignitatibus
1096 3917 1186 3977 solite
1210 3920 1371 3999 percipere
1392 3919 1449 3977 du-

321 4005 416 4085 plices
437 4005 671 4065 distributiones
694 4013 725 4065 et
744 4014 877 4086 quatuor
899 4008 1038 4066 canonici
1059 4008 1111 4088 qui
1139 4007 1281 4067 delerant
1300 4008 1447 4067 extremi-

321 4101 400 4153 tates
416 4094 494 4174 palle
511 4095 649 4154 funebris
666 4102 739 4154 tune
755 4096 948 4176 superposite
966 4097 1081 4155 feretro
1104 4095 1259 4176 duplicem
1284 4118 1341 4177 pro
1361 4117 1448 4157 more

321 4183 412 4242 solito
431 4183 564 4242 habeant
578 4183 828 4243 distributionem
843 4185 972 4265 pecunie
988 4203 994 4257 ;
1010 4185 1141 4245 horariis
1156 4194 1259 4245 autem
1276 4193 1307 4245 et
1323 4186 1449 4246 matuti-

322 4273 414 4331 nariis
429 4294 548 4332 necnon
565 4273 781 4332 matriculariis
800 4280 862 4332 tam
878 4273 998 4333 clericis
1012 4296 1102 4354 quam
1119 4275 1216 4348 laicis,
1240 4275 1293 4356 qui
1314 4275 1447 4335 aderunt

322 4362 442 4440 integre
458 4363 489 4421 in
506 4362 656 4421 comitatu
668 4362 808 4441 predicto
819 4363 878 4422 mei
895 4363 1022 4437 funeris,
1041 4362 1185 4423 similiter
1195 4373 1226 4423 et
1242 4365 1346 4445 pueris
1360 4364 1447 4424 chori

321 4450 449 4529 ecclesie
467 4450 672 4522 CathedraliS‚
691 4451 812 4510 duobus
826 4473 882 4531 pro
899 4473 961 4511 uno
976 4453 1173 4533 computatis
1193 4453 1305 4513 ordino
1317 4453 1446 4533 singulis

323 4562 429 4599 eorum
443 4539 674 4600 distribuendos
690 4562 755 4599 esse
771 4549 832 4600 tres
846 4541 981 4614 carolos;
995 4542 1078 4623 quod
1089 4543 1324 4603 etdehostiario
1335 4551 1366 4603 et
1376 4542 1445 4604 sub·
