3074 5422
587 428 748 489 ..75-

112 590 190 655 ergo
213 565 326 629 frivola
343 564 427 628 ratio
448 588 531 651 quae
552 563 672 627 latinos
688 561 820 625 codices
841 560 958 647 objicit
977 574 1075 649 atque
1091 562 1232 650 opponit

112 662 272 754 graecis¹.
292 688 308 723 u

155 760 270 825 Posito
297 773 405 824 autem
436 772 468 823 et
504 759 674 822 intellecto
704 782 763 845 per
795 757 943 845 seipsum
976 761 1107 821 sincero
1138 771 1230 822 textu

111 857 374 945 scripturarum,
404 857 615 922 Clichtovcus
645 857 781 944 putabat
803 880 918 942 parum
946 855 987 918 ad
1019 856 1231 921 auctoritates

109 980 184 1020 esse
204 955 456 1030 attendendum,
481 955 507 1017 si
524 955 724 1018 contrarium
741 951 959 1028 affirmabant,
977 953 1108 1017 etiamsi
1122 954 1232 1019 forent

109 1053 284 1141 enyrillo
297 1066 352 1116 aut
367 1053 556 1132 Ambrosio,
568 1077 608 1115 cx
616 1054 846 1115 Bonaventura
860 1052 911 1114 vel
925 1053 1051 1115 Thoma
1067 1050 1232 1139 Aquinate

107 1152 348 1239 depromptae:
375 1152 522 1241 «Magni
546 1163 636 1213 certe
660 1149 808 1213 facienda
825 1162 887 1227 est,
911 1149 968 1227 ait,
991 1149 1163 1213 amborum
1180 1151 1233 1213 iu-

109 1249 257 1339 signium
272 1250 472 1336 scriptorum
487 1252 556 1336 jam
575 1248 740 1311 dictorum
761 1247 953 1324 auctoritas,
972 1246 1027 1309 ubi
1043 1247 1164 1310 rationi
1181 1273 1234 1311 so-

108 1347 263 1434 lidaeque
288 1347 476 1435 probationi
493 1359 543 1410 est
563 1347 675 1410 innixa
688 1359 720 1409 et
740 1369 780 1409 eo
801 1345 924 1408 munita
937 1346 1069 1408 robore.
1093 1346 1233 1427 Quando

109 1445 308 1532 simpliciter
326 1458 358 1509 et
373 1445 461 1509 nude
482 1444 607 1532 aliquid
628 1444 820 1520 enunciant,
838 1454 966 1506 tantum
983 1443 1065 1530 ipsis
1080 1442 1234 1506 deferen-

112 1543 190 1606 dum
203 1556 254 1607 est
268 1556 427 1630 quantum
449 1556 538 1606 recta
556 1541 635 1605 sinit
648 1542 732 1605 ratio
748 1554 781 1605 et
801 1539 916 1604 efficax
935 1540 1100 1628 probatio.
1119 1543 1233 1630 Neque

112 1641 183 1728 ipsc
203 1641 238 1704 in
259 1642 404 1705 'l‘homae
418 1653 473 1704 aut
488 1643 739 1704 Bonaventurae
756 1640 855 1702 verba
867 1638 986 1725 juravi,
1005 1652 1041 1702 ut
1055 1663 1234 1726 quaecum-

113 1763 175 1826 que
198 1738 263 1826 ipsi
283 1738 438 1816 dixerint,
462 1763 499 1802 ea
519 1738 672 1826 protinus
696 1750 730 1800 ut
750 1736 882 1801 oracula
902 1749 958 1799 aut
983 1760 1075 1800 sacra
1100 1737 1234 1826 eloquia

115 1837 262 1923 recipere
288 1837 438 1915 debeam,
461 1839 584 1924 rejecta
609 1860 746 1923 prorsus
771 1835 861 1899 omni
891 1833 1019 1899 ratione
1046 1835 1173 1898 nitente
1200 1836 1235 1899 in

115 1936 317 1999 contrarium
328 1934 348 2001 ².
370 1960 386 1996 u

157 2036 272 2097 Patres
301 2034 403 2123 igitur
434 2047 467 2097 et
498 2033 735 2097 commentaria
768 2056 834 2095 non
867 2033 1067 2119 sequebatur
1096 2046 1235 2120 propter

115 2131 282 2218 propriam
306 2132 548 2209 auctoritatem,
578 2131 636 2195 sed
659 2144 796 2219 propter
817 2154 930 2194 eorum
956 2154 1031 2194 cum
1052 2130 1181 2194 ratione
1203 2143 1237 2194 et

116 2229 285 2317 Scriptura
314 2229 592 2296 conformitatem.
624 2229 916 2293 Animadvertebat
945 2229 1027 2292 alios
1057 2230 1172 2292 Patres
1194 2229 1236 2292 ab

117 2327 188 2390 aliis
204 2328 360 2392 Patribus
376 2327 588 2404 dissensisse,
606 2340 638 2391 et
659 2329 897 2417 Hieronymum
913 2351 1012 2414 saepe
1028 2327 1159 2414 saepius
1174 2351 1236 2390 no-

115 2448 168 2487 vas
191 2424 344 2489 intulisse
364 2425 559 2489 sententias.
586 2427 652 2491 Nec
675 2425 807 2515 gravius
828 2424 959 2513 pondus
977 2425 1124 2488 textibus
1145 2423 1235 2487 litur-

114 2522 208 2610 gicis,
223 2522 391 2586 veteribus
407 2523 718 2601 consuetudinibus,
731 2523 925 2611 vulgarique
940 2521 1017 2585 fidei
1031 2521 1233 2612 assignabat.

116 2622 200 2684 Haec
228 2644 295 2683 non
323 2621 570 2700 aestimabatur,
601 2620 694 2708 quasi
723 2621 859 2709 propria
887 2621 918 2684 vi
948 2619 1145 2710 gauderent,
1177 2620 1235 2684 sed

115 2730 213 2805 prout
231 2718 481 2783 concordabant
496 2743 570 2782 cum
586 2719 714 2783 ratione
735 2732 767 2782 et
788 2719 974 2806 Scriptura.

159 2819 196 2879 ln
217 2817 441 2880 controversia
466 2817 507 2880 de
532 2817 662 2881 duobus
682 2818 854 2880 versiculis
883 2816 923 2879 ab
950 2816 1023 2902 ipso
1043 2816 1077 2878 in
1098 2816 1237 2879 Exultat

116 2914 315 3001 suppressis
334 2915 443 3002 primo
459 2914 594 3002 quidem
608 2912 748 2978 affirmat
769 2915 858 3002 ipsos
879 2938 945 2977 non
966 2914 1089 2977 habere
1102 2937 1236 2976 sensum

115 3012 235 3075 rationi
251 3012 468 3089 conformem,
491 3012 655 3100 siquidem
679 3012 871 3076 nullomodo
893 3024 1090 3099 potestesse
1111 3024 1166 3075 aut
1182 3035 1236 3074 ue-

114 3110 255 3174 cessaria
276 3123 330 3173 aut
349 3109 428 3174 felix
448 3110 538 3174 Adae
559 3110 668 3197 culpa.
686 3111 789 3174 Addit
804 3111 886 3174 istos
899 3109 1080 3173 versiculos
1096 3133 1163 3172 nou
1184 3109 1236 3172 in-

115 3207 218 3271 veniri
239 3207 273 3270 iu
289 3207 443 3271 omnibus
459 3208 630 3271 codicibus
647 3209 728 3271 etin
745 3207 943 3296 quibusdam
960 3207 1088 3271 deesse.
1108 3207 1164 3270 Eis
1180 3207 1237 3295 qui

115 3330 189 3368 eum
211 3305 253 3369 de
273 3305 424 3370 codicum
445 3305 653 3369 mutilatione
673 3318 829 3396 arguunt,
848 3305 1029 3393 respondet
1045 3304 1237 3393 indignatus

114 3404 148 3467 in
169 3403 419 3468 Elucidatorio:
448 3431 464 3465 α
487 3404 552 3487 Qui
572 3404 653 3467 haec
682 3428 741 3467 suo
762 3403 1060 3468 comminiscuntur
1084 3403 1234 3492 ingenio,

121 3514 197 3565 ante
211 3502 343 3590 plagam
369 3501 454 3565 coeli
479 3526 571 3564 eoam
597 3501 755 3565 occiduae
776 3505 992 3590 conjungent,
1032 3500 1236 3588 boreamque

121 3599 235 3686 polum
263 3599 405 3663 reddent
425 3600 574 3663 austrino
604 3600 860 3676 conterminum,
891 3598 1026 3687 quando
1059 3599 1109 3662 vel
1135 3623 1237 3662 unum

118 3696 274 3761 dederint
292 3697 414 3760 librum
447 3697 563 3761 bacin
590 3710 696 3785 parte,
720 3711 754 3761 ut
779 3697 985 3775 insimulant,
1022 3721 1073 3761 me
1098 3697 1236 3760 authore

121 3795 321 3858 mutilatum.
342 3796 383 3858 Et
399 3795 426 3858 si
439 3820 537 3882 quem
553 3795 654 3858 talem
671 3795 828 3859 exhibere
848 3795 998 3859 codicem
1015 3807 1070 3858 aut
1089 3794 1237 3882 reperire

118 3892 287 3972 studeant,
311 3893 448 3956 summis
469 3893 502 3956 in
533 3894 702 3957 montibus
719 3894 810 3984 algas
826 3906 858 3957 et
879 3892 997 3956 mediis
1027 3894 1060 3956 in
1081 3891 1237 3956 fluctibus

148 4098 173 4147 1.
195 4095 271 4147 Rich.
300 4093 399 4147 Simon.
427 4095 501 4147 Bibl.
534 4095 624 4148 critic.
651 4095 696 4156 IV,
723 4096 774 4148 litt.
804 4099 847 4154 20,
875 4099 919 4157 21,
945 4096 1057 4148 ostendit
1077 4097 1133 4166 jam
1154 4097 1240 4166 plures

114 4167 198 4224 fuisse,
222 4186 246 4216 v.
268 4185 293 4235 g.
317 4166 408 4218 Picum
427 4167 459 4217 de
475 4167 629 4224 Mirandula.
647 4167 841 4227 Reuchlinium,
863 4167 1037 4219 Trithemium
1056 4168 1102 4237 qui
1124 4169 1156 4219 ad
1176 4168 1239 4219 hae·

114 4237 211 4289 braicos
219 4238 258 4288 vel
268 4256 371 4306 graccos
380 4239 463 4289 sontes
470 4239 640 4290 ascenderint.
654 4270 689 4277 —
698 4239 805 4306 Lelong‚
818 4239 954 4291 Discours
971 4238 1126 4310 bistorique
1137 4257 1187 4290 sur
1198 4239 1239 4291 les

114 4308 288 4381 principales
300 4308 424 4362 e'ditions
435 4308 486 4361 des
499 4309 592 4361 metes
601 4309 784 4380 PolyglotteS,
800 4313 879 4370 1713,
894 4329 919 4379 p.
936 4313 978 4371 12,
991 4310 1070 4361 refert
1079 4317 1175 4379 quanta
1184 4310 1239 4361 lae·

116 4380 170 4432 titia
183 4380 306 4431 Ximenes
315 4380 471 4432 Collationes
486 4381 583 4432 Bibliae
594 4382 622 4431 in
635 4381 803 4450 originalibus
818 4382 951 4451 acceperit.
964 4412 999 4420 -
1008 4381 1130 4432 Erasmus
1139 4382 1240 4434 dicebat

119 4454 149 4502 21
161 4469 221 4520 aug.
239 4454 317 4509 1516,
332 4470 404 4502 suam
414 4451 553 4503 editionem
564 4451 594 4502 N.
607 4453 637 4503 T.
653 4452 820 4523 approbatam
832 4453 909 4504 luisse
922 4454 954 4504 ab
962 4453 1080 4523 episcopo
1089 4453 1236 4515 Basilecnsi,

120 4521 251 4592 Capitone,
268 4522 316 4575 Gr.
331 4523 465 4593 Reyschio‚
481 4524 555 4583 Bero,
572 4523 788 4593 Wimphelingio,
807 4524 826 4575 F
829 4524 922 4584 ishero,
939 4524 1055 4577 Rollcnsi
1068 4525 1196 4596 episcopo.

154 4600 178 4645 2.
200 4597 241 4647 De
256 4596 424 4647 necessitate
435 4596 550 4666 peccati
563 4594 653 4656 Adae,
672 4597 695 4646 l⁰
712 4598 753 4647 44.
