3074 5422
687 432 849 493 ,85-

210 581 323 632 ranter
343 593 416 632 cum
437 568 529 631 laicis
550 568 677 642 vivere;
700 565 850 654 ipsisque
871 567 932 629 Dei
952 566 1144 645 vindictam,
1168 567 1232 631 nisi
1253 590 1330 630 resi-

205 668 390 755 piseerent,
416 665 634 730 minabatur¹.
659 664 780 728 Eadem
802 688 934 751 quoque
959 665 993 727 in
1017 688 1118 752 opere
1143 666 1192 728 De
1217 670 1282 730 vita
1302 679 1333 729 et

205 765 357 829 moribus
367 762 574 828 sacerdotum
586 763 778 850 objiciebat,
792 761 913 825 additis
924 774 1034 825 tamen
1051 762 1199 825 consiliis
1210 787 1332 851 oppor-

204 863 367 950 tunisque
379 861 546 925 remediis.
562 863 740 948 Postquam
753 860 839 923 enim
853 860 886 923 in
902 859 1006 947 priori
1017 872 1110 947 parte
1122 860 1331 925 sacerdotum

207 960 421 1050 dignitatem,
436 959 573 1023 collatos
590 959 670 1046 ipsis
686 959 842 1035 honores,
857 981 1127 1046 concessasquea
1145 961 1215 1022 Deo
1228 958 1330 1022 facul-

205 1071 308 1135 tates,
325 1082 416 1120 more
437 1057 539 1134 docti,
562 1056 695 1130 eruditi,
718 1056 923 1143 litteratique
943 1057 1016 1132 viri,
1039 1056 1273 1144 descripserat,
1297 1056 1331 1120 in

207 1156 390 1244 posteriori
415 1167 519 1243 parte,
547 1155 818 1242 presbyterorum
843 1152 962 1230 officia,
990 1154 1090 1232 clare,
1111 1154 1275 1229 ordinate,
1299 1167 1332 1218 ct

207 1254 420 1318 abundanter
449 1253 657 1340 explanabat,
687 1251 802 1316 dicens
829 1252 973 1327 scilieet,
1001 1252 1134 1315 missam
1165 1276 1237 1316 esse
1267 1253 1329 1317 rite

207 1351 483 1440 praeparandam,
498 1351 688 1417 Breviarum
704 1362 829 1413 attente
840 1374 877 1414 ac
893 1349 1010 1413 devote
1026 1350 1246 1427 recitandum,
1260 1374 1330 1414 ava·

207 1450 319 1514 ritiam
336 1453 431 1537 (quae
447 1449 481 1512 in
502 1473 664 1513 summum
683 1447 750 1511 sere
769 1472 856 1512 nune
879 1448 1034 1534 excrevit)
1052 1447 1258 1538 fugiendam,
1278 1473 1330 1512 co·

208 1548 408 1636 lendamque
421 1547 646 1623 sobrietatem,
662 1546 783 1610 nedum
796 1546 836 1609 ad
852 1546 1034 1609 bibendum
1047 1570 1081 1610 se
1098 1559 1328 1634 provocarent,

211 1645 401 1733 mensisque
421 1647 581 1709 laieorum
597 1645 841 1708 accumberent.
865 1646 959 1731 Ipsos
975 1656 1084 1708 autem
1105 1644 1243 1708 maxime
1260 1669 1330 1707 mo·

211 1745 322 1821 nebat,
341 1768 382 1807 ne
402 1744 490 1807 ludis
510 1743 696 1807 casualibus
712 1742 769 1829 qui
790 1743 866 1805 mali
884 1755 960 1806 sunt
981 1755 1013 1806 et
1029 1743 1070 1806 ad
1088 1742 1330 1806 restituendum

211 1842 373 1932 obligant,
393 1854 448 1905 aut
464 1840 604 1904 coeteris
623 1840 781 1928 operibus
796 1865 880 1928 quae
900 1864 989 1903 mera
1007 1841 1072 1904 sint
1087 1840 1247 1928 temporis
1265 1843 1330 1927 jae-

209 1952 295 2017 tura,
319 1942 487 2027 negotium
509 1939 638 2016 darent,
662 1938 720 2001 sed
744 1938 854 2026 potius
883 1939 1130 2025 Scripturarum
1153 1951 1208 2003 aut
1231 1941 1330 2002 Com-

211 2039 447 2102 mentariorum
473 2050 528 2101 aut
555 2040 773 2101 Decretorum
799 2036 909 2100 studio
935 2049 1102 2101 vacarent.
1133 2039 1272 2100 Demum
1296 2037 1330 2099 in

212 2137 357 2225 quinque
385 2136 539 2223 capitulis
565 2135 805 2199 continentiam
835 2135 1004 2198 asserebat
1035 2147 1149 2198 eontra
1173 2135 1249 2198 illos
1273 2135 1330 2223 qui

211 2237 244 2300 in
264 2234 401 2298 dubium
427 2234 603 2310 ducebant,
622 2257 699 2296 num
722 2232 896 2296 fornicatio
917 2245 1005 2296 esset
1024 2257 1124 2323 grave
1144 2245 1328 2321 peccatum,

211 2355 288 2395 num
309 2331 478 2419 quaelibet
497 2330 728 2417 hujuscemodi
745 2330 841 2417 culpa
862 2329 1067 2392 sacerdotale
1083 2342 1195 2393 votum
1212 2329 1330 2393 inlrin-

211 2441 315 2519 geret,
339 2429 554 2516 eamdemque
572 2429 728 2492 virtutem
751 2428 785 2491 in
810 2428 976 2515 pathetica
1004 2428 1215 2515 peroratione
1240 2452 1331 2490 com-

213 2526 399 2591 mendabat.
416 2529 465 2591 De
476 2539 552 2590 voto
564 2525 773 2603 sacerdotali,
788 2528 856 2612 jam
871 2526 905 2589 in
920 2525 1040 2588 amisso
1052 2525 1197 2613 quodam
1207 2525 1329 2590 Codice

210 2637 419 2702 tractaverat,
442 2638 474 2688 et
493 2626 638 2713 Georgio
659 2624 729 2688 Civi
750 2625 860 2711 ipsum
880 2623 921 2686 de
943 2624 1205 2712 Castigatorio...
1221 2647 1329 2687 sucer-

211 2725 321 2787 dotum
341 2725 647 2787 concubinariorum
665 2720 853 2785 consulenti
868 2721 1107 2809 responderat:
1132 2749 1148 2783 «
1167 2724 1251 2785 Tuto
1273 2745 1330 2808 po-

210 2834 287 2898 test,
317 2846 390 2884 meo
413 2821 546 2908 quidem
569 2820 709 2907 judicio,
736 2820 828 2884 illum
854 2821 1015 2907 quibusve
1041 2818 1218 2910 legendum
1244 2843 1329 2882 com·

212 2920 421 2983 municare...
448 2931 484 2982 ut
509 2919 643 2982 tandem
667 2920 736 3005 ejus
763 2918 965 2981 adminiculo
988 2918 1172 3005 extirpetur
1200 2930 1329 2981 tantum

211 3018 302 3082 nelas
322 3017 412 3105 quod
433 3017 531 3105 longe
551 3017 682 3104 lateque
708 3016 812 3103 serpit
836 3016 870 3078 in
892 3015 989 3078 domo
1011 3015 1157 3081 Domini.
1180 3018 1331 3080 Praestet

211 3116 282 3203 ipse
298 3118 387 3179 Deus
404 3140 460 3179 sua
473 3115 621 3178 bonitate
635 3113 775 3204 gratiam
787 3112 976 3200 pastoribus
991 3113 1163 3190 eeclesiae,
1181 3137 1245 3200 qua
1261 3125 1329 3177 tam

210 3213 335 3303 grande
357 3214 477 3277 malum
498 3213 681 3300 exstirpent
701 3235 781 3302 agro
802 3209 988 3274 coalescet
1013 3237 1030 3271 »
1053 3213 1179 3275 Rursus
1200 3211 1329 3298 praeci-

209 3335 312 3399 puum
331 3323 447 3374 eontra
465 3311 543 3374 vitia
564 3309 745 3374 remedium
765 3309 934 3373 asserebat
955 3332 1028 3372 esse
1049 3309 1263 3372 scientiarum
1278 3332 1328 3372 ec-

210 3409 470 3473 clesiasticarum
486 3408 643 3472 studium.

255 3511 422 3585 Praetera,
446 3507 532 3570 sicut
547 3507 676 3570 Aeneas
693 3505 828 3583 Silvius,
853 3504 1018 3581 Budaeus,
1043 3506 1210 3582 Erasmus,
1226 3504 1328 3572 Wim-

210 3607 400 3695 phelingius
433 3605 551 3693 quide
575 3604 765 3692 Principum
787 3628 970 3695 regumque
996 3607 1203 3667 institutione
1222 3601 1328 3689 scrip-

211 3716 336 3781 serunt,
370 3704 582 3768 Clichtoveus
603 3703 685 3790 ipse,
709 3701 749 3765 ad
769 3726 864 3765 usum
886 3701 1050 3764 nobilium
1071 3712 1104 3764 et
1124 3700 1326 3788 principum,

210 3827 276 3866 non
292 3814 420 3865 tantum
442 3802 686 3864 Commentario
707 3804 740 3863 in
756 3801 857 3862 libros
878 3801 1033 3863 Politicos
1047 3798 1246 3878 Aristotelia,
1270 3796 1330 3860 sed

211 3913 369 3964 tractatus
400 3900 448 3963 De
476 3923 552 3964 cero
583 3897 782 3976 nobilitete³,
820 3901 866 3961 De
897 3903 984 3985 regis
1015 3895 1134 3984 officio,
1173 3897 1220 3959 De
1246 3894 1329 3958 bello

245 4110 270 4160 1.
293 4105 429 4159 Sermones
441 4103 472 4155 ad
487 4103 637 4162 sacerdotes,
652 4105 784 4156 632-670.

245 4182 271 4230 2.
293 4176 357 4228 Cod.
375 4176 451 4235 Man,
469 4178 531 4234 912,
548 4176 571 4225 [0
587 4177 637 4227 233
652 4186 691 4224 νο.

245 4254 270 4302 3.
292 4249 326 4301 D.
349 4248 436 4298 Lirun.
461 4245 648 4315 Singularitas
672 4245 845 4316 historiques
873 4253 900 4297 et
922 4244 1087 4303 litte'raires,
1113 4242 1159 4303 ΙΙΙ,
1183 4244 1278 4296 53-58.
1295 4271 1331 4282 ·-

211 4321 268 4373 Jam
280 4338 348 4371 anno
360 4322 428 4372 1505
439 4317 516 4369 Gaul.
528 4317 654 4368 Boussard
670 4315 702 4367 dc
717 4317 888 4368 continentia
901 4314 1080 4367 sacerdotnm
1091 4314 1203 4366 scribens
1217 4314 1331 4384 quaesie-

212 4400 250 4444 rat
277 4410 310 4443 an
332 4390 359 4442 S.
385 4390 504 4441 Pontilcx
532 4396 615 4459 posset
641 4387 765 4439 sacerdoti
790 4388 919 4439 licentiam
947 4387 1083 4438 mulierem
1107 4385 1217 4437 ducendi
1242 4403 1331 4437 conce·

211 4464 280 4515 dere.
297 4463 321 4514 J.
339 4462 431 4532 Major,
448 4461 474 4511 in
489 4464 503 4513 4
523 4467 600 4522 sent,
615 4460 672 4511 dist.
692 4463 716 4517 2,
737 4460 940 4529 atqueatoue,
956 4459 1045 4510 asserit
1062 4457 1238 4527 quaestionem
1254 4456 1332 4507 luisse

212 4536 333 4604 agitatam
347 4534 374 4584 in
390 4533 417 4586 S.
434 4533 493 4584 Fac.
510 4532 600 4585 Theol.
617 4531 765 4591 Parisiensi;
781 4531 846 4583 hanc
865 4531 982 4582 tractavit
996 4529 1160 4582 Clichteveus
1178 4528 1204 4580 in
1219 4531 1331 4600 Propu-

212 4605 343 4677 gnacul0,
361 4605 393 4664 ΙΙ,
410 4623 432 4657 c.
449 4606 490 4656 13.
