3074 5422
687 416 846 479 -60-

205 553 245 618 de
263 555 298 618 S.
314 539 461 629 Victore,
479 551 692 639 'l'homaeque
708 551 883 640 Aquinatis
899 550 1105 639 degustasse.
1124 551 1227 614 Prosa
1238 551 1327 614 Abe-

204 650 304 715 lardi:
324 651 425 715 Mittit
445 651 491 712 ad
518 651 690 736 Virginem,
718 662 768 712 est
791 677 806 710 n
828 647 1063 736 pulcherrimis
1084 648 1215 735 depicta
1237 648 1326 711 colo·

204 750 309 826 ribus,
328 747 563 835 metaphoricis
583 747 740 812 adornata
757 747 982 810 locutionibus
999 758 1031 809 et
1051 746 1240 834 allegoricis
1256 770 1326 810 sen·

204 846 319 911 tentiis
340 845 554 909 adumbrata:
579 845 693 909 eadem
710 844 973 909 luculentissime
989 844 1196 932 exprimitur,
1216 857 1251 908 ut
1267 868 1328 908 uec

204 944 324 1008 veritas
354 943 441 1007 desit
467 943 652 1033 elegantiae
673 945 863 1019 verborum,
890 966 951 1007 nee
981 943 1145 1032 elegantia
1171 942 1326 1006 veritati:

205 1066 266 1106 nee
296 1041 535 1105 sententiarum
569 1041 665 1129 copia
699 1065 738 1104 ex
771 1040 911 1103 diversis
946 1042 1120 1105 Sacrarum
1142 1041 1328 1105 litterarum
1366 1083 1370 1097 ·

207 1139 289 1205 locis
313 1139 510 1227 deprompta
537 1138 745 1203 desideretur
777 1166 806 1201 ».
830 1139 951 1225 Hymni
977 1138 1017 1202 de
1044 1140 1079 1204 S.
1108 1139 1330 1203 Benedictoa

207 1242 305 1304 Petro
315 1237 507 1304 Venerabili
524 1237 665 1301 confecti
683 1264 699 1298 c
719 1238 814 1301 ambo
828 1237 997 1327 elegantes
1014 1237 1192 1300 admodum
1209 1248 1331 1300 suntet

206 1335 436 1424 compendiosi
452 1336 633 1423 paucisque
655 1335 794 1399 multum
814 1348 846 1399 et
866 1336 954 1422 piam
974 1335 1238 1423 complectentes
1259 1359 1331 1399 sen-

205 1435 384 1498 tentiam».
403 1437 439 1496 ln
455 1433 581 1497 Adamo
595 1434 636 1497 de
655 1435 690 1498 S.
702 1434 837 1498 Victore
854 1433 966 1497 laudat
979 1433 1191 1497 Cliehtoveus
1208 1433 1330 1497 caden-

207 1533 288 1597 tium
301 1532 502 1622 syllabarum
518 1531 736 1609 harmoniam,
758 1531 998 1595 senteutiarum
1018 1531 1238 1610 vivacitatem,
1255 1531 1333 1619 styli

207 1629 432 1718 splendorem,
446 1654 562 1693 vocum
574 1629 749 1706 delectum,
764 1628 943 1719 figurarum
954 1629 1138 1709 veritatem,
1156 1654 1222 1693 non
1235 1629 1332 1693 aliter

207 1754 244 1793 ac
264 1740 507 1792 consueverunt
526 1727 689 1790 moderni.
708 1729 757 1791 De
773 1728 905 1814 hymnis
918 1752 978 1815 pro
991 1727 1074 1791 lesto
1088 1728 1246 1815 Corporis
1262 1730 1332 1791 Do·

209 1827 289 1889 mini
305 1851 322 1889 a
338 1827 463 1889 Thoma
480 1825 645 1914 Aquinate
662 1826 879 1912 conscriptis:
898 1853 913 1886 u
934 1825 1000 1889 Sed
1017 1825 1096 1914 quid
1110 1827 1251 1914 hymnos
1264 1825 1331 1889 diei

208 1924 298 1988 illius
323 1923 480 1987 solemnis
508 1947 774 2000 commemorem,
804 1924 871 1987 ait?
897 1926 1003 2005 Quam
1034 1924 1122 1986 suavi
1150 1923 1334 1988 decurrant

209 2021 446 2098 modulatione,
470 2034 593 2110 quanto
614 2021 852 2084 sententiarum
873 2021 1019 2108 pondere
1035 2022 1206 2085 abundent
1229 2045 1332 2109 quan·

209 2133 308 2208 taque
338 2120 570 2206 mysteriorum
606 2120 788 2182 exuberent
826 2119 1058 2206 plenitudine!
1091 2120 1179 2200 Quid
1218 2143 1334 2183 succu-

210 2217 332 2280 lentius
353 2218 400 2302 (ut
414 2217 550 2279 interim
566 2229 695 2279 coetera
712 2220 861 2300 taceaml,
884 2217 947 2280 hoe
963 2241 1057 2279 versu
1079 2217 1234 2304 hymnico
1256 2241 1335 2304 qua·

211 2315 327 2378 drifida
349 2315 476 2379 Christi
497 2314 529 2377 in
552 2338 611 2376 nos
632 2314 793 2378 beneficia
808 2315 921 2401 paucis
942 2314 1051 2377 verbis
1073 2315 1334 2401 complectente:

211 2415 252 2476 Se
272 2436 408 2476 nascens
428 2414 555 2476 dedit...
575 2429 639 2475 etc.
663 2411 751 2495 Quid
768 2412 846 2475 item
866 2413 1028 2476 sincerius
1048 2413 1111 2476 hoc
1132 2436 1227 2475 versu
1245 2413 1336 2477 invo-

211 2510 368 2574 eato'riam
384 2511 568 2574 orationem
585 2510 625 2574 ad
641 2523 787 2582 sanctam
809 2510 1051 2574 Eucharistiam
1067 2511 1259 2574 continente
1275 2535 1282 2573 ε
1308 2510 1337 2576 O

211 2609 421 2673 ilalntnrv's...
441 2621 519 2684 ete,
543 2608 599 2696 qui
621 2610 683 2671 hoc
703 2620 852 2695 tempore
874 2608 1107 2672 calamitoso...
1123 2632 1139 2671 a
1156 2620 1225 2672 toto
1241 2608 1333 2673 clero

211 2706 341 2793 saepius
358 2705 550 2769 decantatus
567 2719 657 2769 est...
674 2706 710 2770 Si
723 2731 855 2792 prosam
872 2706 978 2793 ipsam
994 2707 1026 2769 in
1049 2706 1189 2770 solemni
1210 2706 1334 2770 Missae

211 2802 319 2867 officio
336 2804 467 2867 concini
487 2804 617 2867 solitam
637 2804 788 2867 attendas
809 2804 939 2891 (Lauda
960 2805 1049 2889 Sion)
1070 2803 1153 2867 nihil
1174 2803 1229 2867 illa
1251 2828 1334 2868 eon-

212 2902 341 2965 einnius
362 2915 418 2965 aut
434 2903 563 2965 suavius
584 2901 744 2964 invenias.
769 2901 966 2966 Gratissima
987 2901 1111 2991 quippe
1131 2901 1165 2964 in
1186 2925 1222 2964 ea
1243 2902 1334 2989 ryth-

165 3024 168 3030 ·
214 3024 342 3063 morum
359 3000 523 3063 sonoritas
540 3013 572 3062 et
593 2999 784 3062 dulcissima
801 3000 984 3087 percipitur
999 2999 1156 3063 vocalitas
1168 3000 1188 3061 ¹.
1213 3025 1230 3060 »

258 3100 411 3185 Dumque
438 3098 502 3184 piis
523 3121 559 3160 ac
581 3097 788 3186 elegantibus
817 3098 949 3184 scriptis
970 3097 1110 3175 favebat,
1139 3109 1253 3160 contra
1277 3097 1336 3160 de-

213 3207 376 3258 tractores
392 3195 469 3258 fidei
485 3208 518 3258 et
538 3218 677 3270 morum,
700 3194 896 3281 praesertim
916 3207 993 3282 post
1021 3195 1156 3258 Lutheri
1177 3194 1338 3258 condem·

214 3292 394 3370 nationem,
417 3293 629 3356 vehementer
650 3292 827 3355 invectivas
849 3292 1015 3356 orationes
1034 3291 1237 3378 proferebat,
1262 3316 1337 3357 eos-

214 3414 277 3477 que
293 3402 385 3453 tanto
406 3391 530 3477 pejoris
551 3383 677 3478 peccati
698 3392 858 3480 arguebat
874 3402 998 3477 quanto
1019 3389 1231 3479 castigatiore
1250 3390 1351 3478 stylo¹

215 3488 377 3552 nitebant.
414 3491 450 3551 ln
484 3488 691 3552 Anctlattero
726 3490 899 3551 Erasmum
932 3488 1058 3551 vocavit
1091 3487 1336 3552 Antichristum

215 3586 290 3673 quia
316 3586 356 3648 de
376 3587 549 3649 Interdieto
574 3612 630 3649 een
655 3591 805 3649 earnium
837 3587 1022 3674 elegantem
1044 3585 1165 3649 librum
1192 3585 1251 3649 sed
1277 3586 1336 3649 im·

216 3685 305 3771 pium
332 3684 532 3770 scripserat:
566 3683 739 3770 «quodsi
765 3684 839 3776 quis
865 3685 898 3748 in
920 3686 1078 3770 majorem
1112 3682 1336 3772 prorumpens

252 3945 275 3992 l.
299 3942 404 3993 Praeter
418 3942 524 3992 latinam
539 3943 655 4011 linguam
670 3943 834 3994 Cliehtoveus
844 3950 950 3994 noverat
964 3940 1124 4001 ssandricam,
1139 3961 1169 3993 ex
1182 3961 1232 4012 qua
1248 3941 1275 3996 S.
1288 3943 1340 3995 Co·

214 4014 278 4064 letae
293 4013 371 4064 vitam
388 4014 536 4064 transtulit:
561 4014 623 4064 item
638 4015 764 4082 gallicam,
782 4034 841 4065 cum
857 4015 942 4084 plures
958 4033 1088 4065 sermones
1108 4015 1156 4065 hoc
1173 4015 1199 4064 in
1217 4014 1341 4066 idiomate

215 4085 439 4154 pronuntiaverit:
457 4085 488 4135 de
504 4084 622 4136 hebraica
636 4086 806 4154 improbabile
821 4094 866 4144 est,
887 4087 934 4137 etsi
947 4087 1014 4136 vocis
1030 4086 1142 4137 Alleluia
1156 4086 1341 4154 etymologiam

216 4155 330 4207 dederit:
353 4175 469 4224 graecam
490 4156 647 4226 probabilius
666 4157 709 4207 sed
728 4176 819 4226 parum
837 4157 1016 4226 cognoscebat:
1036 4157 1058 4207 ei
1079 4164 1164 4208 tamen
1183 4157 1266 4207 Faber
1285 4157 1341 4208 Da-

217 4228 329 4278 masceni·
341 4227 529 4278 traductionem
540 4228 728 4295 corrigendam,
745 4233 823 4288 1507,
836 4229 940 4279 obtulit.
952 4229 992 4279 De
1002 4229 1161 4297 amicis'ejus
1175 4247 1227 4278 non
1240 4236 1279 4278 est
1290 4228 1342 4279 du-

215 4298 298 4348 bium.
309 4298 390 4348 Faber
405 4299 514 4350 Bibliam
522 4318 552 4349 ex
565 4298 731 4368 Septuaginta
741 4300 946 4368 interpretibus
957 4299 1110 4367 corrigebat,
1123 4300 1264 4351 Rhenanus
1272 4299 1342 4350 Gre-

216 4370 318 4438 gorium
328 4369 514 4420 Nazianzenum
525 4372 647 4425 vertebat,
657 4370 785 4422 Alcander
795 4372 934 4441 explicabat
949 4371 1116 4421 Theocritum
1126 4391 1130 4421 :
1148 4370 1343 4440 Hermonymus

217 4442 356 4511 Spartanus
362 4441 476 4498 docebat,
489 4441 658 4511 Budaeusquc
668 4443 792 4494 scribebat
807 4462 904 4511 graece,
913 4442 1140 4510 Hummelbergius
1146 4443 1342 4511 grammaticam

216 4531 332 4581 graecam
350 4512 483 4572 condebat,
501 4513 554 4582 ipse
569 4513 732 4565 Cliehtoveus
748 4533 820 4566 voces
840 4514 988 4580 Paraclitus,
1008 4532 1139 4583 ομοουσια,
1158 4513 1234 4583 Κυριε
1246 4513 1341 4566 ελεισον

217 4603 247 4634 cx
260 4602 351 4652 graeco
363 4584 512 4653 explicabat.
