3074 5422
574 419 733 481 -89-

99 557 177 621 riam
200 583 216 617 n
239 556 323 645 (sic),
345 556 664 643 Bruxellensemque
685 554 887 642 specialiter,
911 565 1025 616 contra
1041 551 1217 617 Briardum

98 654 289 731 Athensem,
313 654 447 718 Lovanii
468 653 703 740 professorem,
725 652 953 742 impugnabat.
982 650 1219 740 Restringebat

96 753 193 817 etiam
208 755 262 840 jus
279 776 407 816 sacrum
424 751 506 838 asyli
522 751 563 815 ad
579 751 737 838 templum
753 751 1000 837 attinentesque
1016 749 1125 812 locos:
1144 772 1220 835 pro·

95 851 298 937 hibebatque
319 849 597 940 congregationes
618 873 691 912 cum
713 848 825 926 armis,
849 860 904 911 aut
924 846 1063 934 prandia
1078 870 1162 933 quae
1184 845 1218 909 in

97 948 307 1012 coemeteriis
333 948 456 1011 habere
487 947 649 1035 quaedam
676 946 874 1009 confratriae
904 945 1067 1008 solebant.
1099 944 1218 1008 Missas

98 1046 138 1110 de
165 1047 323 1110 Passione
348 1058 474 1133 petere,
504 1045 557 1108 die
587 1068 653 1107 non
673 1044 845 1130 impedita,
873 1056 905 1106 et
929 1055 1067 1130 propter
1094 1041 1217 1105 serium

96 1144 266 1221 motivum,
285 1142 512 1230 permittebat.
537 1143 599 1205 Vix
623 1155 732 1206 autem
753 1140 880 1205 ferebat
900 1142 1031 1217 Missas,
1057 1139 1217 1226 speciales

94 1242 194 1333 vulgo
210 1242 328 1319 dietas,
340 1242 374 1304 in
389 1241 511 1329 quibus
523 1265 580 1304 sex
590 1241 758 1304 orationes
774 1264 840 1302 non
855 1263 895 1303 ex
903 1239 1029 1304 hlissali
1041 1239 1216 1324 depromp-

94 1352 147 1403 tae
163 1340 387 1404 recitabantur
409 1363 547 1427 quarum
568 1339 682 1402 ultima
698 1337 907 1425 quamdame
928 1335 1127 1427 Purgatorio
1148 1335 1215 1398 ani·

95 1462 181 1500 mam
202 1437 374 1502 liberabat.
397 1439 424 1502 h
445 1438 556 1501 Missis
579 1449 686 1500 autem
710 1448 927 1512 mortuorum,
950 1458 1033 1522 quae
1053 1458 1114 1522 pro
1134 1433 1215 1497 vivis

95 1548 131 1599 ut
148 1548 357 1599 morerentur
373 1536 641 1612 celebrabantur,
659 1534 794 1622 penitus
815 1534 1027 1597 abhorrebat.

142 1633 319 1720 Sortilegia
335 1646 445 1697 autem
462 1657 527 1696 non
544 1632 757 1722 negabatsed
769 1632 1002 1718 reprobrabat.
1015 1632 1089 1695 Non
1106 1653 1216 1693 assen-

93 1731 299 1795 tiebaturilli
311 1732 454 1809 mulieri,
473 1755 557 1818 quae
574 1731 614 1794 ad
629 1730 797 1818 perditum
815 1729 864 1793 lac
880 1727 1159 1816 recuperandum,
1177 1751 1219 1792 ex

93 1829 277 1892 vicinarum
299 1829 532 1919 sortilegarum
552 1841 652 1917 puteo
674 1852 804 1915 aquam,
823 1851 840 1891 e
856 1840 944 1890 tecto
965 1827 1093 1914 paleam
1109 1825 1217 1890 detra·

95 1927 208 2002 hebat,
231 1939 263 1990 et
279 1939 452 2015 utramque
469 1927 502 1990 in
519 1927 640 2015 angulo
662 1925 834 1989 ebullitam
847 1926 1043 2013 reponebat,
1061 1948 1122 1987 nec
1143 1924 1216 1988 istis

95 2049 192 2112 quae,
209 2024 304 2113 signo
321 2026 429 2089 crucis
445 2023 542 2100 facto,
563 2048 680 2112 aquam
697 2024 747 2087 vel
763 2023 986 2102 benedictam,
1003 2022 1054 2086 vel
1071 2047 1110 2086 ex
1126 2022 1216 2086 sonte

94 2124 256 2188 Nowrath
276 2123 486 2201 hauriebant,
509 2123 541 2185 in
564 2146 626 2210 qua
649 2146 758 2185 ceram
779 2121 936 2185 distillari
956 2121 1191 2208 procurabant.

140 2223 184 2286 Ut
204 2220 307 2284 malos
327 2245 405 2284 usus
422 2222 612 2308 respuebat,
631 2221 678 2283 sic
699 2219 770 2306 pias
790 2219 1050 2283 consuetudines
1072 2217 1214 2282 fovebat.

94 2317 217 2382 Mirum
239 2331 289 2382 est
308 2333 431 2406 quanto
452 2344 530 2407 erga
555 2322 591 2385 B.
617 2320 662 2383 M.
686 2317 857 2408 Virginem
878 2316 1066 2408 flagraverit
1090 2340 1214 2380 amore.

95 2418 199 2503 Hujus
220 2416 393 2507 privilegia
413 2417 611 2506 dogmatica,
633 2417 785 2493 virtutes,
809 2415 903 2478 libris
929 2415 1080 2501 pluribus
1101 2414 1216 2478 statuit

95 2525 130 2577 et
151 2513 353 2601 explanavit3
380 2516 429 2578 De
451 2517 601 2578 Poritate
627 2516 697 2600 ejus
731 2515 967 2601 Conceptt'onr'S,
995 2525 1110 2577 eontra
1137 2512 1215 2578 Vin·

94 2611 241 2674 centium
262 2635 278 2674 a
295 2613 412 2676 Castro
428 2615 532 2690 Novo,
550 2612 818 2686 Dominicanum,
837 2611 877 2675 de
894 2613 966 2698 ejus
983 2611 1217 2699 Compassione

95 2721 211 2772 contra
231 2708 332 2773 alium
347 2711 511 2774 tractavit.
526 2711 598 2774 Alia
612 2709 717 2773 edidit
731 2732 831 2796 opera
845 2709 887 2773 de
905 2711 1096 2774 Visitatione
1107 2721 1139 2772 et
1153 2708 1216 2772 As-

93 2811 291 2894 sumptione,
309 2832 392 2895 quae
409 2808 562 2872 redolent
573 2808 646 2895 pios
658 2807 759 2870 animi
772 2831 900 2885 sensus,
914 2806 1100 2894 validisque
1116 2830 1216 2896 argu-

95 2904 218 2969 mentis
235 2918 312 2968 sunt
327 2905 459 2971 referta.
480 2909 517 2970 ln
538 2907 646 2969 fronte
661 2929 786 2982 eorum,
804 2905 1001 2991 praesertim
1016 2928 1102 2968 anno
1116 2907 1200 2968 1517

93 3001 225 3066 videtur
246 3003 407 3090 quaedam
427 3005 548 3093 imago,
571 3004 680 3067 omnia
703 3003 770 3067 scre
791 3004 829 3066 B.
853 3005 897 3066 M.
921 3002 1068 3091 Virginis
1089 3002 1215 3066 emble-

95 3113 182 3164 mata
200 3099 361 3179 referens,
382 3126 465 3189 quae
481 3116 560 3166 tunc
580 3102 740 3189 temporis
760 3101 822 3164 suit
836 3100 1066 3165 celeberrima.

411 3466 555 3531 CAPUT
580 3467 892 3531 DUODECIMUM.

161 3686 314 3736 ouimrna
338 3686 553 3726 ccicnaovuus
577 3686 725 3726 curenno
747 3687 779 3726 m
800 3685 1013 3726 concionibus
1034 3685 1142 3725 sacrus

539 3760 766 3825 reversuros?

139 3987 317 4072 Hucusque
333 3985 562 4049 Clichtoveum
579 4009 652 4049 curn
663 3985 771 4050 Fabro
787 3985 828 4048 ad
843 3985 1092 4048 renovationem
1108 3986 1215 4049 ecole-

93 4083 301 4146 siasticarum
312 4083 525 4147 scientiarum
537 4083 784 4171 conspirantem
797 4083 951 4160 vidimus,
966 4083 1157 4171 abususque
1169 4083 1215 4146 di·

92 4204 206 4244 versos
224 4180 407 4244 secundum
420 4181 550 4271 regulas
565 4182 748 4244 exactiores
766 4181 1027 4268 purissimosque
1048 4179 1155 4243 fontes
1172 4182 1216 4245 ita

92 4278 337 4354 emendantem,
356 4291 391 4343 ut
411 4302 485 4342 curn
507 4279 702 4342 Lutheranis
718 4279 768 4342 vel
784 4279 1014 4342 humaniorum
1030 4278 1216 4342 litterarum

93 4376 296 4439 amatoribus
317 4378 374 4463 qui
395 4376 436 4440 de
461 4376 574 4439 multis
595 4377 693 4440 etiam
714 4376 872 4440 dolebant
892 4375 1078 4439 defectibus
1100 4377 1216 4440 Eccle-

93 4473 174 4551 siae,
197 4473 368 4537 videretur
389 4475 500 4562 aliquo
521 4474 619 4537 modo
640 4475 828 4537 connivere.
852 4473 912 4537 Ast
937 4474 993 4536 ubi
1016 4474 1179 4537 Lutherus
1200 4498 1216 4538 a

93 4595 223 4635 summo
243 4571 406 4636 Pontifiee
418 4585 574 4658 tanquam
588 4572 776 4636 haereticus
792 4571 854 4635 luit
870 4571 1057 4650 damnatus,
1070 4571 1215 4636 Clichto·
