3074 5422
623 101 780 162 -36-

144 252 174 300 et
186 260 283 324 saoce,
303 236 501 324 composuit.
525 240 616 319 Quae
632 235 766 324 quidem
782 259 882 322 opera
904 260 1001 298 ‹imne
1019 251 1179 323 punctum
1201 235 1268 301 scr-

143 348 230 412 rent,
261 335 288 398 si
318 335 496 422 ampliores
516 348 585 399 tum
604 334 750 422 politicis
776 332 894 397 officiis
917 347 985 397 tum
1007 335 1147 399 diversis
1168 337 1268 423 hujus

144 433 266 496 saeculi
290 433 462 496 eventibus
482 445 594 520 partes
619 432 817 510 tribuerent,
845 431 965 494 nedum
989 433 1137 497 consiliis
1163 458 1268 498 mora-

144 531 233 594 libus
257 532 526 620 testimoniisque
552 556 591 593 ex
622 555 712 593 saera
742 529 919 618 profanave
945 531 1083 595 historia
1113 531 1268 596 deductis

145 629 364 693 abundarent.
400 629 587 693 Notandum
617 642 666 693 est
696 653 778 716 opus
802 630 851 692 De
877 630 958 693 bello
987 644 1018 693 et
1037 655 1131 718 since,
1162 629 1265 717 quod,

148 726 225 790 dum
246 751 360 815 pacem
383 727 494 791 laudat
519 727 709 814 bellumque
731 726 894 814 deplorat,
922 727 1109 815 eloquentia
1130 728 1267 816 plenum

147 838 208 888 cst.
235 828 283 889 De
305 825 480 888 nobilitate
502 826 673 913 sanguinis
694 850 790 913 quam
810 825 971 913 perficere
992 825 1093 889 debet
1109 826 1268 889 nobilitas

146 923 290 1001 virtutis,
312 924 436 1011 optime
453 923 588 987 disserit
605 923 830 998 Clichtovcus,
863 922 1091 1011 nobiliumque
1118 923 1266 988 virorum

145 1022 286 1085 virtutes
303 1021 519 1109 appetendaS,
544 1020 701 1111 fugienda
721 1021 798 1084 vitia
819 1022 958 1109 pulchre
975 1019 1149 1085 describit.
1171 1021 1270 1085 Adsit

148 1120 195 1183 eis
224 1119 332 1207 primo
355 1121 462 1207 pietas
488 1119 639 1183 sedulum
664 1121 735 1182 Deo
758 1120 882 1183 cultum
904 1119 1077 1196 exhibens,
1098 1132 1131 1183 et
1155 1120 1189 1183 in
1209 1119 1270 1183 lrc-

147 1218 362 1305 quentatione
388 1218 589 1304 templorum
616 1216 851 1305 auditioneque
876 1215 1060 1280 officiorum
1081 1216 1269 1282 divinorum

146 1315 314 1380 assiduum
336 1316 555 1403 obsequium:
583 1315 648 1378 illis
676 1315 793 1378 irridet
814 1315 1026 1379 Cliehtovcus
1046 1315 1115 1402 qui,
1142 1316 1269 1403 templa

147 1438 221 1478 raro
242 1413 377 1490 adeunt,
397 1414 512 1501 ibique
529 1412 797 1489 confabulantur,
818 1425 897 1477 eunt
912 1412 1132 1501 redeuntque,
1151 1438 1267 1478 unum-

147 1537 211 1600 que
237 1537 324 1601 genu
358 1512 410 1575 cui
441 1511 608 1599 quoddam
636 1523 828 1599 supponunt
859 1511 997 1574 linteum
1022 1509 1172 1575 flectunt.
1206 1514 1268 1577 Fu·

149 1610 243 1702 giunt
264 1637 280 1672 a
303 1609 402 1673 animi
433 1609 551 1673 fastum
580 1623 612 1673 et
632 1609 780 1672 timidam
798 1610 938 1673 aliorum
959 1609 1213 1697 despicientiam
1234 1636 1264 1673 u.

148 1709 350 1773 hhstineant
371 1708 469 1771 etiam
498 1709 539 1770 ab
564 1708 685 1795 injusta
714 1707 826 1795 rapina
852 1720 1049 1795 serventque
1088 1709 1121 1771 in
1149 1732 1268 1772 omncs

144 1807 322 1894 justitiam,
345 1831 509 1869 memores
526 1805 655 1894 adagii:
678 1807 762 1868 bona
783 1806 904 1892 injuste
916 1805 1103 1892 conquisita
1116 1805 1170 1870 vix
1182 1808 1268 1870 bene

147 1904 187 1968 ad
212 1904 347 1968 tertium
375 1903 551 1967 haeredem
573 1905 727 1967 transire.
756 1905 823 1967 Nec
850 1903 1045 1992 indulgeant
1065 1903 1144 1981 irae,
1168 1929 1267 1992 quae,

148 2028 220 2067 curn
242 2015 358 2093 arguat
379 2001 568 2065 intellectus
588 2001 861 2078 imbecillitatem,
878 2001 994 2064 bestiis
1010 2001 1135 2065 similes
1151 2000 1267 2079 efficit,

147 2114 180 2165 ct
214 2124 330 2189 graves
359 2100 461 2162 trahit
495 2100 762 2188 consequentias,
798 2123 934 2186 quarum
968 2123 1034 2163 non
1063 2100 1199 2164 minima
1219 2113 1270 2164 est

148 2198 366 2286 blasphemia,
389 2200 482 2284 cujus
504 2210 582 2261 tunc
602 2198 762 2285 temporis
783 2198 914 2261 nobiles
934 2197 982 2261 rei
1004 2198 1137 2284 saepius
1157 2211 1264 2262 eraut.

149 2296 332 2360 Prescribit
348 2295 446 2359 etiam
464 2295 640 2386 fugiendos
661 2320 733 2359 esse
749 2296 845 2360 ludos
862 2295 1016 2359 fortuitos
1032 2309 1088 2359 aut
1103 2295 1267 2360 inhones-

147 2406 210 2472 tos,
231 2394 288 2482 qui
309 2418 383 2457 cum
404 2394 470 2457 sint
486 2394 647 2480 prohibiti
665 2393 790 2457 nullum
802 2395 856 2480 jus
873 2393 1060 2459 conserunt.
1083 2393 1265 2460 Vitandum

147 2506 197 2556 est
212 2491 315 2556 otium
337 2504 368 2555 et
385 2491 494 2555 studio
510 2492 697 2556 terendum.
718 2519 733 2553 u
745 2493 912 2557 Nobilesa
933 2492 1056 2555 teneris
1073 2491 1265 2582 unguiculis

146 2603 224 2654 sunt
257 2589 377 2653 litteris
411 2589 608 2653 instituendi
642 2603 675 2653 ct
704 2590 861 2654 scientiae
891 2590 1127 2677 percipiendae
1155 2589 1267 2654 studio

146 2687 321 2751 habendi»
339 2690 422 2775 (cap.
442 2689 511 2774 18):
531 2712 590 2751 ncc
607 2688 686 2751 satis
700 2688 911 2776 improbandi
927 2701 1083 2775 parentes
1099 2688 1157 2775 qui
1174 2688 1266 2777 igno-

147 2786 214 2850 bile
240 2797 357 2873 putant
377 2786 404 2849 si
434 2809 555 2873 pueros
586 2786 735 2849 scientiis
760 2787 910 2849 imbuant
944 2798 1058 2873 satque
1088 2787 1214 2850 habent
1241 2787 1268 2851 si

148 2908 269 2947 nomen
287 2909 380 2948 suum
402 2884 556 2971 imperite
571 2884 703 2975 signare
717 2884 857 2948 valeant.
880 2886 994 2947 Monet
1009 2897 1118 2948 tamen
1140 2884 1268 2975 fugien-

148 2982 222 3046 dam
246 3007 318 3046 esse
336 2981 509 3045 libidinem
526 2995 558 3045 et
571 2982 859 3068 intemperantiam
876 2982 1143 3069 optimorumque
1159 2983 1268 3070 requi·

149 3079 286 3144 rendam
303 3080 495 3143 societatem
508 3080 527 3143 ¹.

193 3181 242 3242 De
259 3178 376 3241 iisdem
393 3177 461 3242 sere
476 3191 595 3241 tractat
611 3179 644 3242 in
659 3178 773 3241 libello
789 3181 836 3242 De
855 3202 907 3266 re„
895 3184 941 3241 u'a
956 3180 1074 3266 officio.
1095 3178 1267 3243 Delineata

147 3277 241 3363 prius
271 3277 354 3364 regii
384 3277 530 3339 muneris
551 3276 725 3365 dignitate,
750 3276 860 3339 Clicht
848 3288 961 3339 toveus
986 3276 1128 3364 primurn
1152 3301 1265 3368 regem

149 3375 391 3439 abhominibus
411 3375 454 3437 oh
468 3375 606 3438 virtutes
618 3374 719 3438 luisse
734 3375 819 3438 elect
807 3387 874 3439 tum
887 3387 919 3438 ct
934 3377 1032 3438 aDeo
1046 3377 1265 3461 approbatum

149 3473 318 3560 supponit.
344 3473 429 3536 Dein
455 3472 601 3536 ostendit
589 3473 878 3560 t,philosophicis
904 3472 1038 3560 quidem
1065 3473 1263 3551 rationibus,

149 3570 373 3635 monarchiam
387 3571 593 3634 aristocratia
606 3571 656 3633 vel
668 3570 869 3636 democratia
885 3584 1065 3659 praestare,
1080 3571 1138 3634 sed
1151 3584 1183 3635 et
1195 3595 1264 3635 esse

150 3667 385 3746 difficiliorem,
404 3692 593 3756 paucosque
606 3670 710 3731 bonos
728 3667 828 3732 luisse
848 3694 944 3757 reges
960 3669 1143 3732 contendit.
1159 3671 1209 3733 De
1220 3694 1265 3733 re·

149 3766 282 3857 galibus
307 3765 425 3830 officiis
448 3767 589 3856 singulis
615 3768 649 3830 in
672 3770 710 3829 l‘i
728 3767 891 3854 capitibus
907 3767 1052 3830 disserit.
1076 3767 1155 3832 Vult
1169 3767 1265 3832 sortu-

150 3887 225 3926 nam
235 3888 326 3927 suam
338 3863 529 3927 instabilem
539 3888 635 3954 reges
648 3889 719 3927 csse
729 3863 877 3942 credunt,
890 3864 1143 3927 somnolentiam
1152 3864 1267 3929 otium·

184 4144 208 4192 l.
230 4140 269 4191 De
283 4139 442 4191 traductione
464 4138 523 4189 libri
544 4141 584 4188 De
603 4135 840 4192 verarrobiliema
861 4135 893 4185 ab
913 4157 926 4184 «
952 4135 1016 4186 abbe
1035 4135 1066 4186 de
1085 4135 1157 4205 Mery
1178 4156 1192 4184 n
1211 4136 1258 4186 uidi

145 4209 719 4278 lAnndeIittcrutrc,1762,lcttr02,p
738 4209 780 4266 42
808 4208 834 4258 in
859 4225 910 4277 qua
929 4207 995 4258 nihil
1021 4207 1074 4258 lere
1095 4207 1208 4277 reperire
1229 4226 1252 4259 es

144 4282 213 4354 quod
227 4282 344 4371 siqutile
