3074 5422
590 415 744 473 ..14-

115 544 200 607 terio
216 547 436 637 in'l‘heologia
453 548 673 611 liberaliterei
689 549 873 610 concedere
885 562 917 610 et
932 549 1066 612 tradere
1083 551 1120 612 l?
1137 565 1233 612 scuto

114 641 198 718 auri,
215 645 263 708 illi
278 671 294 708 a
312 648 496 732 Receptore
515 644 692 719 tradenda,
708 670 781 707 cum
797 646 940 732 primum
956 647 1114 710 habuerit
1134 671 1235 734 pecu-

115 737 187 803 nias
208 744 373 831 Receptor
397 770 427 805 a.
455 748 547 826 Quae
567 768 690 806 summa
711 768 728 805 a
751 744 875 806 lacobo
895 745 1100 807 Ambasiano
1123 745 1235 809 adhuc

114 840 323 926 amplificata,
347 843 380 905 in
395 842 550 928 expensis
565 855 634 904 tum
651 841 864 927 receptionis,
882 854 952 904 tum
964 842 1097 928 prandii
1118 867 1236 906 anovo

115 934 275 1024 Magistro
291 940 528 1027 condiscipulis
547 938 723 1012 ollerendi,
741 952 811 1001 erat
831 939 1068 1026 impendenda.

162 1037 271 1100 Pridie
281 1061 383 1100 nonas
394 1037 592 1110 decembris,
606 1036 818 1101 Clichtoveus
826 1037 989 1123 Magister
1000 1038 1034 1100 in
1046 1039 1237 1130 Theologia

117 1136 321 1199 renuntiatus
335 1149 397 1212 est,
413 1136 457 1199 ait
473 1135 667 1209 Launoius¹,
685 1134 742 1222 qui
757 1134 852 1196 nobis
868 1133 1018 1198 diversas
1033 1136 1236 1200 concionum

116 1242 195 1294 tunc
209 1234 250 1295 ab
266 1235 337 1321 ipso
348 1234 533 1297 habitarum
549 1246 660 1320 partes
676 1232 824 1319 reliquit,
837 1256 877 1295 ex
890 1233 1013 1320 quibus
1033 1235 1237 1322 praecipuos

118 1330 283 1395 auditores
304 1331 397 1394 sacile
414 1332 593 1395 noscimus,

160 1429 306 1492 dulicam
328 1429 491 1516 siquidem
508 1428 740 1515 pronunciavit
761 1428 793 1490 in
821 1429 894 1492 aula
921 1429 1122 1493 Parisiensis
1144 1431 1238 1518 epis·

116 1528 202 1613 copi,
220 1540 255 1590 ut
275 1540 468 1591 consuetum
489 1538 570 1602 erat,
595 1525 708 1612 ibique
731 1524 871 1588 redditis
891 1529 962 1589 Deo
982 1541 1016 1589 et
1031 1528 1238 1591 coelestibus

117 1626 243 1714 gratiis,
258 1627 299 1689 ad
315 1625 470 1689 mortales
484 1649 556 1689 sese
568 1636 776 1701 convertens,
794 1625 957 1711 subjecit:
976 1654 994 1687 «
1012 1625 1143 1689 Deinde
1160 1627 1237 1717 dig-

117 1724 253 1787 nissimo
269 1726 387 1787 Sacrae
404 1723 582 1789 Facultatis
600 1721 802 1810 Theologiae
818 1722 944 1786 decano
959 1724 1238 1813 honorandisque

117 1822 295 1910 Magistris,
319 1825 492 1886 Sacrarum
513 1822 711 1883 Litterarum
736 1820 976 1907 interpretibus
999 1823 1235 1901 exactissimis,

116 1920 185 2008 qui,
208 1945 267 2007 pro
283 1945 339 1983 sua
360 1918 603 1993 benevolentia,
627 1941 678 1979 me
699 1917 731 1979 in
753 1941 847 1980 suum
868 1918 1075 1983 admiserunt
1095 1944 1237 1984 consor-

115 2019 208 2094 tium,
226 2031 336 2108 grates
352 2017 466 2082 itidem
480 2017 607 2104 agimus
623 2015 837 2092 immortales,
855 2018 1051 2103 praesertim
1066 2032 1237 2105 praestan·

115 2117 244 2179 tissimo
271 2117 413 2180 Domino
438 2113 703 2178 Procancellario
725 2126 758 2176 et
778 2113 875 2204 Regii
900 2114 1044 2205 Collegii
1071 2118 1238 2181 Navarrae

116 2214 316 2278 Moderatori
338 2213 508 2301 primario,
536 2212 695 2299 Magistro
717 2214 816 2275 Petro
839 2211 880 2274 de
902 2213 1007 2291 Valle,
1034 2214 1093 2300 qui
1119 2239 1171 2277 me
1203 2215 1238 2278 in

116 2312 303 2403 theologica
327 2311 544 2376 desudantem
566 2309 727 2396 palaestra
748 2309 910 2400 singulari
928 2311 1138 2400 benignitate
1158 2337 1238 2400 per-

116 2411 274 2501 vigilique
289 2435 366 2474 cura
382 2409 514 2486 direxit,
533 2432 658 2494 suoque
672 2406 896 2471 moderamine
912 2408 952 2471 ad
964 2422 1116 2496 optatum
1131 2435 1239 2499 nsque

117 2508 215 2572 finem
234 2508 400 2595 perduxit.
426 2533 442 2567 a

162 2605 301 2670 Easdem
311 2606 435 2697 gratias
452 2603 593 2696 singulis
605 2615 637 2665 et
651 2603 916 2667 Procancellario
932 2607 1130 2692 praesertim
1144 2631 1239 2695 repe·

118 2705 222 2782 tebat‚
247 2716 315 2767 tum
342 2705 376 2768 in
403 2703 562 2766 concione
588 2701 673 2764 intra
694 2702 732 2764 B.
748 2701 896 2788 Virginis
915 2702 1087 2767 basilicam
1109 2704 1238 2783 habita,

117 2802 292 2867 tnmtertia
308 2803 377 2866 vioe
393 2802 426 2866 in
441 2824 539 2864 cursu
555 2798 645 2862 dicto
657 2799 853 2889 Magistrali,
867 2824 965 2887 quem
978 2802 1088 2865 statim
1104 2801 1240 2866 inchoa·

118 2902 174 2963 bat
190 2900 316 2964 noviter
335 2901 376 2963 ad
396 2903 611 2963 Doctoratum
631 2910 814 2985 promotus.
832 2901 919 2961 llaec
935 2900 1022 2962 enim
1040 2899 1074 2963 in
1090 2900 1153 2964 ista
1170 2900 1243 2965 lec-

117 2999 208 3062 tione
221 2998 410 3085 prolerebat
426 2996 636 3060 Clichtoveus
649 3021 655 3057 :
1202 2992 1205 2996 ’

164 3123 180 3157 «
207 3095 334 3158 Deinde
355 3097 477 3182 (grates
496 3094 633 3184 agimus)
654 3093 851 3181 dignissimo
870 3095 1051 3159 Facultatis
1073 3098 1243 3161 Sacratis-

119 3195 219 3258 simae
236 3192 482 3283 Theologorum
499 3194 632 3254 Decano
648 3203 681 3253 et
701 3192 955 3278 sapientissimis
972 3193 1144 3284 Magistris
1163 3219 1244 3259 nos-

118 3293 192 3369 tris,
214 3292 390 3356 Sacrarum
404 3290 602 3354 Litterarum
616 3289 861 3375 professoribus
878 3291 1019 3369 eximiiS,
1038 3291 1095 3379 qni
1110 3317 1163 3356 me
1181 3318 1245 3357 suo

119 3389 246 3477 dignati
267 3402 343 3452 sunt
363 3387 620 3450 honoratissimo
643 3387 832 3464 cons01·ti0;
855 3389 978 3478 gratias
999 3389 1113 3452 itidem
1134 3391 1243 3455 habe-

120 3511 191 3549 mus
212 3510 277 3549 non
294 3485 475 3549 mediocres
492 3484 777 3571 praestantissimo
798 3486 940 3549 Domino
956 3487 1242 3552 l'icecancellario

120 3597 152 3649 et
172 3583 306 3675 Regalis
327 3583 444 3646 domus
464 3584 626 3647 Navarrae
649 3582 849 3647 moderatori
872 3585 1063 3672 praecipuo,
1086 3585 1143 3672 qui
1161 3611 1240 3650 nos-

119 3695 202 3746 tram
218 3683 305 3745 inter
324 3680 442 3745 lluotus
459 3695 490 3745 et
510 3681 673 3769 procellas
693 3682 802 3773 pelagi
818 3684 969 3770 cymbam
983 3682 1099 3747 sedulo
1118 3686 1238 3774 guber·

121 3782 209 3843 navit
224 3780 310 3843 etad
325 3793 473 3868 optatum
495 3779 646 3842 stationis
665 3792 754 3843 tutae
771 3793 903 3866 portum
925 3781 1091 3868 perduxit.
1116 3809 1133 3842 »

166 3906 183 3940 «
209 3878 336 3942 Deinde
357 3879 428 3942 RR.
452 3879 485 3940 in
502 3878 636 3941 Christo
648 3878 737 3941 Patri
757 3879 879 3942 Jacobo
900 3879 940 3942 de
956 3880 1124 3957 Ambasia,
1148 3881 1237 3968 epis-

121 4000 203 4063 copo
218 3977 474 4041 Claromontano
487 3975 664 4063 abbatique
676 3976 898 4054 Cluniaoensi,
917 3977 974 4065 qui
987 4001 1047 4064 pro
1060 4002 1117 4041 sua
1126 3980 1236 4042 huma·

121 4075 224 4138 nitate
245 4088 383 4161 nepotes
400 4098 476 4137 suos
492 4074 655 4162 ingenuos
672 4074 754 4136 mihi
770 4075 993 4138 instituendos
1009 4076 1188 4154 commisit,
1207 4089 1237 4140 et

122 4171 162 4235 ad
182 4171 418 4236 absolvendum
439 4171 527 4234 huno
543 4170 662 4234 Actum
682 4170 791 4262 largas
807 4181 887 4237 suae
906 4172 1154 4238 munificentiae
1173 4198 1237 4237 ma-

122 4294 183 4333 nus
197 4270 356 4357 porrexit,
377 4270 539 4357 meipsum
555 4281 660 4332 totum
682 4269 799 4333 debeo
824 4297 840 4330 »

157 4575 182 4626 1.
205 4573 287 4643 Regii
303 4575 449 4626 Nororroe
461 4573 603 4644 gyrnrmsir'
617 4572 756 4634 Historia,
774 4593 799 4643 p.
818 4575 879 4636 397,
894 4576 955 4626 609.
