3074 5422
796 397 955 457 -93..

320 530 426 607 annis,
459 531 515 606 ait,
552 529 728 617 plerasque
751 530 866 593 harum
893 530 1103 594 materiarum
1131 533 1171 595 25
1200 532 1349 596 articulis
1383 533 1437 597 hic

317 627 631 715 comprehensarum
653 627 770 690 latiore
786 651 903 715 campo
923 641 955 691 et
971 627 1152 692 laxioribus
1173 629 1313 693 habenis
1330 630 1436 720 agita-

314 725 421 788 vimus
444 725 476 788 in
501 724 586 787 libro
615 725 662 787 De
685 735 891 788 reiteratione
923 741 1126 806 sanctornm,
1163 727 1198 790 in
1226 727 1437 791 Antilutltero

315 835 430 885 nostro
446 836 478 885 et
492 823 743 910 Propugnaculo
759 823 937 900 Ecclesiae,
955 836 1070 910 utpote
1087 823 1127 887 de
1140 825 1436 890 constitutionibus

316 921 551 983 ecclesiasticis
579 934 611 984 et
638 921 837 984 authoritate
867 921 1026 985 ecclesiae
1051 922 1247 1011 obligatoria
1278 923 1320 987 ad
1340 923 1435 1011 quid·

315 1018 402 1104 piam
419 1042 493 1081 cum
510 1018 697 1105 adjectione
711 1043 849 1105 poenae,
869 1018 909 1082 de
926 1019 1064 1106 jejuniis
1079 1033 1111 1083 et
1125 1020 1254 1085 delectu
1268 1021 1433 1098 ciborum,

314 1115 354 1178 de
376 1117 540 1180 coelibatu
561 1117 861 1180 ecclesiasticorum
878 1131 909 1181 et
929 1118 1014 1180 votis
1044 1119 1255 1182 monasticis:
1279 1117 1320 1181 de
1341 1119 1436 1182 laicis

316 1238 381 1276 non
403 1214 685 1278 communicandis
695 1216 908 1302 subutraque
929 1215 1103 1303 specie,de
1120 1215 1283 1279 sacrificio
1300 1217 1433 1294 missae,

316 1311 356 1375 de
372 1312 571 1403 Purgatorio
592 1324 624 1375 et
644 1311 811 1401 suffragiis
831 1337 892 1400 pro
909 1312 1087 1390 defunctis,
1110 1312 1150 1376 de
1172 1327 1278 1377 morte
1308 1315 1435 1378 Christi

314 1410 369 1496 pie
396 1409 552 1497 lugenda,
584 1410 625 1473 de
657 1409 871 1474 veneratione
899 1424 1090 1474 sanctorum
1119 1423 1151 1474 et
1180 1435 1241 1475 usu
1266 1435 1435 1476 sacrarum

313 1507 508 1598 imaginum,
535 1507 576 1570 de
603 1509 790 1596 praeceptis
824 1522 856 1571 et
881 1509 1041 1586 consiliis,
1073 1508 1217 1597 denique
1242 1509 1284 1573 de
1313 1509 1381 1573 fide
1403 1523 1435 1573 et

313 1606 485 1693 operibus,
512 1605 789 1693 quemadmodum
820 1606 1008 1670 evolventes
1032 1630 1068 1669 ea
1102 1607 1165 1670 tria
1185 1631 1285 1694 opera
1316 1621 1433 1671 nostra

312 1704 480 1767 constabit
500 1704 657 1791 apertius.
679 1730 695 1765 1)

565 2090 707 2155 CAPUT
733 2089 938 2154 DECIMUM
965 2091 1178 2172 QUINTUM.

313 2347 532 2388 cticflrovssus
548 2348 611 2387 NON
628 2347 756 2386 Taurum
772 2346 920 2386 LUTHERO
934 2346 1151 2401 aavssasnTun,
1170 2346 1224 2387 SED
1242 2348 1430 2390 Llssssnionus

491 2446 662 2485 OPINIONES
688 2445 745 2485 SUB
770 2445 871 2484 Fauno
896 2444 1074 2485 concurris
1099 2446 1242 2485 RESPUlT.

354 2684 422 2747 Neo
443 2692 570 2744 tanturn
587 2680 799 2744 Clichtoveus
815 2679 972 2742 adversus
996 2681 1176 2743 Lutherum
1198 2704 1231 2743 se
1257 2681 1428 2768 opposuit,

310 2779 497 2855 sedetiam,
520 2791 555 2841 ut
576 2780 644 2865 jam
667 2777 822 2855 diximus,
849 2776 975 2840 relictis
998 2778 1156 2867 magistro
1181 2778 1375 2865 Stapulensi
1398 2791 1430 2841 et

311 2879 379 2941 suis
396 2876 645 2964 condiscipulis,
670 2875 830 2939 abdicatis
854 2875 951 2938 etiam
973 2875 1187 2939 liberioribus
1212 2876 1427 2962 opinionibus

311 2976 432 3063 quibus
460 2975 644 3061 inspirante
671 2975 779 3037 Fabro
808 2973 1003 3049 indulserat,
1028 2972 1127 3036 rediit
1153 2972 1194 3037 ad
1222 2974 1427 3039 Sorbonicos

309 3076 470 3137 Doctores
486 3074 542 3161 qui
563 3096 636 3136 eum
653 3072 820 3158 persecuti
841 3071 985 3135 fuerant:
1004 3071 1213 3158 quinetiam,
1231 3095 1272 3134 ne
1293 3095 1426 3160 quoquo

311 3172 410 3235 modo
426 3195 499 3235 curn
519 3171 649 3234 haeresi
665 3170 841 3233 connivere
861 3169 1041 3244 videretur,
1064 3168 1164 3232 rediit
1185 3170 1225 3233 ad
1248 3193 1381 3241 severas
1396 3183 1426 3233 et

308 3271 495 3357 antiquatas
511 3268 712 3358 Theologiae
726 3268 919 3331 scolasticae
940 3267 1145 3355 disciplinas.

352 3368 563 3432 Clichtoveus
591 3366 709 3429 exinde
737 3365 922 3429 litterarum
946 3377 1110 3428 amatores
1138 3366 1246 3429 minus
1275 3365 1425 3453 impense

309 3467 421 3529 coluit.
450 3467 622 3528 Erasmum
639 3488 737 3552 quem
758 3487 845 3526 anno
871 3466 953 3527 1517
976 3476 1147 3527 vocaverat
1166 3467 1321 3544 ornicum,
1352 3477 1385 3527 et
1409 3488 1425 3528 a

308 3589 386 3652 quio,
415 3565 597 3626 aberramus
620 3564 696 3651 fons
719 3586 828 3625 rerum
855 3567 1066 3648 optimarum,
1095 3585 1182 3624 anno
1203 3562 1301 3639 1521,
1320 3561 1425 3626 luerat

309 3663 430 3739 dictuS,
449 3686 513 3724 non
531 3662 683 3724 obstante
701 3662 770 3747 ejus
800 3660 937 3749 ingenio
967 3659 1091 3746 pluries
1112 3659 1329 3749 impugnavit.
1353 3660 1425 3723 Dis·

307 3760 522 3824 sertationem
556 3759 596 3822 de
626 3758 785 3846 Dionysio
816 3758 1016 3845 Areopagita
1045 3782 1144 3845 quam
1169 3757 1326 3821 adversus
1351 3782 1424 3821 eum

307 3884 392 3923 anno
414 3861 497 3921 ’1517
515 3858 731 3945 compositam
752 3857 784 3919 in
807 3855 920 3919 codice
940 3856 1122 3943 reliquerat
1142 3854 1312 3930 ineditam,
1332 3855 1425 3920 Anti-

307 3959 435 4021 luthero
462 3957 673 4042 completam,
707 3955 863 4041 nullaque
898 3953 980 4016 sacta
1009 3954 1232 4028 excusatione,
1270 3953 1421 4016 inseruit.

308 4055 405 4138 Quod
427 4078 525 4144 aegre
545 4053 621 4116 tulit
647 4055 821 4115 Erasmus:
849 4053 905 4139 qui
933 4051 1101 4114 scribebat
1125 4053 1165 4116 N.
1195 4052 1318 4129 Bedae,
1338 4052 1423 4115 doc-

306 4155 393 4217 tobr.
421 4154 522 4216 1525:
546 4178 562 4212 «
584 4150 743 4215 lodocum
765 4150 993 4213 Clichtoveum
1016 4174 1147 4237 semper
1168 4149 1291 4213 amavi:
1311 4149 1423 4213 candi-

307 4253 381 4316 dius
397 4250 531 4314 tandem
553 4262 621 4312 erat
640 4248 785 4312 facturus
806 4248 833 4310 si
850 4247 1046 4335 Dionysium
1067 4271 1219 4310 asserens
1236 4270 1310 4309 cum
1331 4247 1421 4314 Valla

307 4349 516 4439 potissimum
537 4347 737 4424 dimicasset,
761 4346 817 4434 qui
837 4345 936 4432 hujus
956 4345 1140 4409 sententiae
1156 4345 1283 4432 primus
1303 4345 1421 4409 author

306 4449 415 4513 extitit
440 4474 469 4510 n.
494 4446 653 4510 Eumdem
682 4445 790 4508 adhuc
819 4444 1043 4521 Clichtoveus,
1067 4443 1126 4507 sed
1151 4443 1252 4507 tacito
1272 4443 1418 4519 nornine,

306 4559 488 4637 carpserat,
526 4545 559 4607 in
593 4545 623 4607 2³
658 4556 751 4630 parte
778 4541 1001 4622 Antilutheri;
1030 4543 1185 4604 Erasmus
1221 4554 1342 4619 autem,
1381 4542 1419 4604 15
