3074 5422
628 392 791 453 -65-

142 528 251 591 Fabro
267 527 500 602 adhaeserunt,
524 539 557 589 et
574 539 688 589 contra
705 525 921 589 'l‘crministas
943 550 1000 589 seu
1021 550 1123 614 puros
1141 527 1265 592 scolas-

144 625 239 701 tieoS,
255 625 426 688 Fabristae
445 635 522 686 sunt
534 623 662 687 vocati:
682 622 737 710 qui
759 623 894 711 quidem
910 648 983 687 eum
1005 623 1179 711 discipulis
1195 627 1268 688 Mc-

143 722 330 786 lanchtonis
360 722 552 785 societatem
586 722 760 797 habentes,
792 721 1073 785 Universitatibus
1104 722 1266 787 dominati

143 833 232 898 sunt,
256 833 288 883 et
307 820 489 910 genuinum
507 820 799 906 Peripatetismum
817 819 1020 882 serva1·nnt¹.

189 921 232 984 Ut
252 917 410 981 Germani
431 917 475 980 ita
492 930 662 1002 gratanter
683 917 755 980 ltali
777 941 933 1004 recepere
956 919 1215 982 Introductiones
1235 931 1268 981 et

145 1016 268 1080 scholia
291 1015 391 1079 Fabri
413 1014 688 1103 Clichtoveique:
709 1016 794 1077 inter
815 1039 897 1101 qnos
921 1016 1110 1079 nominetur
1134 1018 1267 1080 Marcus

144 1114 345 1202 Aequicolus
362 1112 568 1185 Olivetanus,
586 1113 642 1200 qui
659 1124 735 1198 post
752 1113 995 1176 Commentario
1012 1119 1045 1176 ιή
1061 1114 1160 1177 libros
1176 1115 1268 1199 Pay-

143 1217 287 1275 sr'corum
307 1211 415 1297 (1531)
439 1210 608 1275 Cardinali
631 1209 796 1274 Soderino
821 1211 984 1288 scribens,
1000 1211 1205 1299 gloriabatur
1232 1238 1266 1276 se

143 1310 253 1373 vivere
279 1321 429 1396 tempore
458 1309 600 1371 Pontani
626 1320 657 1370 et
688 1309 857 1395 Baptistae
882 1309 1053 1372 Mantuani
1079 1322 1264 1397 poctarum,

145 1407 215 1471 Pici
246 1407 285 1470 de
315 1405 503 1470 Mirandula
534 1419 566 1469 et
594 1406 732 1470 h‘larsilii
758 1406 878 1483 Fieini,
906 1407 1123 1485 eruditorum,
1152 1410 1265 1475 Herm.

145 1506 281 1568 Barbari
299 1518 332 1567 et
345 1507 373 1568 J.
390 1505 520 1568 lascari
533 1504 766 1579 litteratorum,
785 1517 818 1567 et
832 1505 944 1582 Fabri,
962 1505 1166 1592 philosophi.
1184 1508 1268 1569 lam·

145 1627 210 1690 que
230 1602 371 1667 vidimus
400 1605 438 1664 ll.
467 1603 664 1689 Papienscm
688 1602 788 1690 Alpes
815 1603 903 1690 ipsas
929 1602 969 1666 ad
993 1601 1172 1667 videndum
1201 1605 1283 1667 suis‘

145 1701 251 1764 oculis
267 1701 421 1777 Fabrum,
445 1700 685 1777 Clichtoveum‚
709 1700 885 1778 anillum,
903 1713 1144 1765 transeuntem.

191 1798 277 1863 Galli
298 1823 431 1889 quoquc
454 1799 535 1861 haec
556 1798 757 1861 aristotelica
774 1822 873 1885 opera
895 1799 1040 1862 libenter
1054 1814 1265 1887 aeceperunt,

146 1920 250 1985 eaque
279 1897 418 1982 pluries,
447 1896 597 1974 Lutetiis‚
638 1897 851 1985 Rhotomagi,
882 1896 1034 1986 Lugduni
1062 1897 1209 1960 edidere.
1241 1897 1269 1961 A

150 1995 191 2058 G.
215 1996 320 2058 Parvo
336 1995 376 2058 ad
398 1993 447 2059 Cl.
472 1994 605 2081 Seyssel
623 1994 789 2059 scribente
815 2008 949 2058 vocatus
970 2007 1020 2057 est
1039 1995 1167 2058 Faber:
1196 2001 1269 2082 pri-

145 2097 271 2156 marius
285 2092 513 2179 philosophae,
536 2105 568 2155 et
594 2093 634 2155 ab
659 2093 830 2179 Stephano
852 2092 892 2155 de
912 2095 1000 2155 Bar:
1028 2108 1113 2158 totas
1138 2094 1269 2158 Galliae

140 2191 414 2277 philosophorum
431 2194 595 2277 princeps.
621 2190 691 2266 Ast,
715 2190 994 2278 quemadmodum
1015 2191 1094 2254 viris
1113 2191 1268 2255 litteratis

146 2288 283 2376 placuit,
308 2288 428 2376 quibus
445 2288 592 2374 pervium
614 2287 776 2351 reddebat
794 2288 1027 2375 philosophiae
1045 2289 1202 2364 studium,
1222 2291 1268 2353 sic

147 2385 336 2474 'l'heologos
362 2386 566 2450 Sorbonicos
592 2410 733 2474 quorum
769 2411 847 2450 usus
872 2389 1094 2472 pervertebat,
1124 2389 1268 2478 graviter

147 2483 299 2562 offendit,
315 2484 383 2572 qui,
395 2497 488 2572 capta
504 2485 677 2548 occasione
694 2485 995 2548 controversarium
1008 2487 1075 2572 jam
1092 2485 1266 2564 dictarum,

146 2582 180 2645 in
198 2595 347 2670 apertum
359 2606 523 2657 exarsere,
542 2595 573 2645 et
595 2583 767 2646 innovatae
781 2583 1013 2670 philosophiae
1028 2595 1138 2646 notam
1152 2608 1268 2672 quam-

147 2680 223 2743 dam
242 2679 477 2744 heterodoxiae
498 2681 654 2766 injecere.
674 2683 778 2758 Tunc,
795 2682 903 2743 Fabro
916 2684 984 2768 jani
1002 2682 1150 2768 expulso,
1168 2695 1200 2745 ct
1216 2706 1268 2745 re-

146 2790 288 2841 tractato
313 2777 518 2855 Clichtoveo,
542 2792 576 2841 ut
601 2791 694 2841 antea
717 2779 867 2867 regnavit
891 2780 923 2841 in
949 2779 1072 2843 scholis
1098 2780 1268 2844 scolastica

146 2876 334 2939 methodus,
348 2877 495 2955 Frustra,
513 2888 589 2963 post
609 2876 736 2963 aliquot
751 2901 867 2953 annos,
886 2879 1021 2955 llamus,
1040 2878 1139 2940 Fabri
1155 2878 1268 2943 Clich-

145 2973 301 3061 toveique
323 2973 478 3049 imitator,
505 2973 679 3036 scolastico
711 2976 855 3037 sermoni
880 2975 1063 3038 litterarum
1086 2975 1268 3064 elegantias

147 3071 283 3148 addere,
311 3070 549 3159 Aristotelique
580 3072 682 3135 crudo
710 3073 873 3160 poeticam
906 3073 1050 3136 l'latonis
1083 3074 1267 3137 doctrinam

147 3169 352 3233 substituere
367 3171 524 3233 tentavit:
538 3171 643 3234 victus
660 3184 722 3248 est,
740 3184 772 3234 et
784 3172 954 3233 renovatio
968 3197 984 3233 a
999 3171 1192 3234 Clichtoveo
1207 3173 1267 3235 sub

148 3267 257 3330 Fabro
278 3267 429 3330 inchoata
450 3268 549 3354 paulo
569 3282 644 3354 post
662 3270 804 3331 evanuit.

507 3590 650 3654 carui
676 3590 904 3672 Quanrun.

369 3774 585 3814 culcurovnus
605 3776 818 3814 scritnrlanun
840 3776 1041 3815 PHYSICARUM

436 3873 656 3913 lxsraunanno
678 3874 792 3912 STUDlO
818 3875 975 3913 Lanonar.

191 4052 272 4116 Post
283 4051 538 4116 Grammaticam
550 4064 581 4114 ot
593 4054 762 4141 logicam,
780 4054 887 4115 Faber
901 4077 974 4117 cum
988 4053 1181 4117 Clichtoveo
1198 4078 1266 4116 res·

144 4149 318 4213 taurandis
347 4148 516 4229 Quadrivii
548 4149 695 4212 scientiis
729 4149 867 4218 studuit,
903 4152 969 4215 sive
1002 4176 1103 4214 novos
1133 4151 1266 4214 edendo

144 4261 269 4325 textus,
282 4260 328 4323 ut,
347 4248 642 4311 librosNemorarii
661 4247 700 4310 de
717 4249 947 4325 Arithmetica,
966 4250 1113 4313 Euclidis
1126 4238 1165 4312 de
1178 4250 1262 4313 Geo-

145 4346 277 4423 metria,
295 4345 407 4408 Boecii
423 4344 463 4407 de
484 4345 621 4421 Musica,
644 4346 711 4408 sive
732 4347 964 4433 componendo
986 4349 1265 4411 lotroductorr‘um

180 4562 206 4614 1.
228 4557 358 4608 Lutherus
371 4555 468 4615 oderat,
487 4556 651 4607 Melanchton
663 4557 761 4608 colebat
773 4558 948 4610 Aristotelem.
