3098 5422
804 402 962 463 ..90-

321 559 399 598 veus
432 535 550 622 pedem
586 538 733 615 retraxit,
760 538 948 625 timensque
972 563 1013 601 nc
1039 537 1164 625 aliquid
1201 563 1274 603 cum
1309 539 1439 603 haeresi

322 634 460 696 haberet
480 657 663 708 commune,
687 660 769 722 quac
791 660 870 698 nova
893 649 924 698 ct
945 636 1058 699 critica
1077 635 1116 699 dc
1140 637 1312 723 Scriptura
1333 649 1366 700 et
1382 640 1440 701 Pa·

322 731 428 795 tribus
445 733 640 818 protulerat,
655 734 735 796 haec
748 746 925 797 retractare
939 746 972 795 et
987 733 1123 821 rejicere
1140 735 1298 822 paulatim
1315 736 1437 822 eoepit.

324 831 499 893 Caeterum
525 831 565 893 ab
589 855 675 893 anno
704 832 787 895 15‘20
814 831 902 894 Beda
930 832 1037 918 ipsum
1063 832 1148 895 inter
1172 846 1345 896 novatores
1372 834 1441 896 col-

324 928 465 1006 locabat,
487 928 602 1015 quales
627 942 721 992 erant
746 957 762 991 a
782 931 922 994 lacobus
944 931 1060 1007 llaber,
1090 931 1206 995 ludoci
1227 944 1439 1019 praeceptor,

323 1027 379 1114 qni
410 1026 545 1090 mutavit
571 1028 602 1090 in
628 1027 779 1114 plurimis
808 1027 987 1114 pretiosam
1009 1031 1048 1092 N.
1078 1032 1115 1092 Τ.
1147 1042 1287 1116 partem,
1320 1030 1441 1117 episto·

323 1123 427 1187 larum
450 1124 525 1188 dico
542 1125 632 1188 Pauli
652 1150 719 1212 ap.,
744 1151 802 1190 ceu
823 1125 862 1189 dc
884 1127 997 1189 Annae
1019 1126 1147 1189 filiabus
1170 1126 1348 1190 scribendo
1367 1127 1440 1190 teti·

323 1223 443 1312 gimuS,
465 1222 622 1300 Judocus,
648 1223 704 1310 qui
725 1237 756 1287 ct
773 1223 813 1287 de
835 1224 1028 1312 blagdalcna
1045 1248 1118 1287 cum
1133 1248 1193 1287 suo
1210 1237 1439 1311 praeceptore,

322 1332 355 1383 et
371 1322 441 1383 sine
462 1345 500 1383 eo
527 1321 558 1384 in
579 1321 700 1408 agitata
724 1322 821 1386 Cerci
843 1321 1089 1397 benedictione,
1113 1322 1273 1385 ccclesiae
1296 1321 1441 1386 officium

321 1418 505 1496 temeravit,
519 1431 551 1481 ct
564 1421 717 1482 Erasmus
730 1420 785 1508 qui
803 1421 912 1507 apices
929 1420 1137 1507 evangelicos
1153 1419 1308 1483 audacter
1322 1433 1439 1497 mutat,

323 1529 355 1579 ct
372 1517 485 1603 impie,
501 1516 661 1581 Martinus
682 1520 806 1582 Luthcr
823 1518 878 1605 qui
894 1531 982 1581 totus
999 1531 1128 1581 scatens
1145 1518 1315 1581 erroribus
1332 1518 1367 1581 in
1384 1521 1441 1581 Ec·

323 1615 423 1678 clesia
445 1628 556 1678 saneta
579 1614 750 1678 dementer
772 1614 898 1682 irruit¹.
924 1643 939 1675 >i

368 1713 431 1793 Qui
443 1714 585 1800 primum
598 1713 731 1777 audacia
746 1713 993 1801 novitatumque
1003 1713 1145 1801 quodam
1158 1737 1268 1776 amore
1279 1713 1439 1801 fulgebat,

327 1809 447 1873 deinde
478 1810 639 1874 modestia
669 1812 836 1899 animique
865 1811 1041 1874 timiditate
1066 1811 1184 1874 enituit
1214 1811 1438 1875 Clichtovcus.

325 1908 413 1972 Solis
432 1907 565 1971 tandem
587 1909 784 1972 lutheranis
805 1908 970 1972 adversari
991 1910 1112 1996 coepit,
1132 1921 1163 1971 et
1183 1908 1347 1997 quidquid
1369 1933 1442 1971 cum

324 2007 370 2070 eis
404 2031 577 2069 commune
597 2008 685 2071 visus
717 2007 822 2070 luerat
845 2008 980 2084 habere,
1012 2006 1158 2070 mutavit.
1202 2010 1245 2070 Ea
1273 2019 1323 2071 cst
1353 2007 1442 2070 enim

322 2129 431 2168 rerum
452 2106 668 2169 humanarum
689 2104 848 2183 conditio,
872 2118 907 2168 ut
932 2129 1015 2193 quae
1038 2105 1180 2191 primum
1200 2106 1286 2168 bona
1312 2104 1443 2168 suerant

322 2203 445 2281 habita,
464 2203 490 2266 si
511 2203 612 2266 semel
630 2227 649 2266 'a
667 2203 879 2267 novatoribus
890 2203 941 2266 vel
961 2203 1137 2266 haereticis
1154 2202 1276 2266 fuerint
1293 2215 1440 2290 accepta,

323 2301 417 2388 quasi
447 2301 529 2364 mala
553 2301 726 2365 videantur
751 2315 783 2365 ct
803 2300 998 2388 rejicienda.
1026 2301 1123 2364 Plura
1149 2314 1225 2364 sunt
1251 2314 1440 2389 systemata,

323 2424 418 2487 quae,
437 2400 498 2462 etsi
513 2399 606 2463 utilia
623 2413 715 2463 erant
729 2413 761 2462 et
775 2399 815 2462 ad
830 2399 1097 2463 reformationem
1109 2399 1293 2462 litterarum
1309 2400 1360 2463 vel
1376 2424 1442 2462 mo-

323 2497 1442 2586 rumconducebant,vcllucrecondemnatavclprocrastinata,quia

324 2621 340 2659 a
355 2595 553 2683 quibusdam
574 2596 607 2658 in
625 2594 688 2658 fido
710 2595 873 2683 suspectis
889 2595 1044 2683 adoptata
1060 2607 1093 2658 et
1113 2595 1144 2657 in
1161 2595 1291 2659 devium
1310 2594 1441 2659 detorta

324 2693 468 2758 suerunt.
491 2695 560 2758 Nec
576 2694 638 2757 alia
652 2694 779 2757 ratione
796 2694 1019 2768 Clichtoveus,
1039 2705 1114 2780 post
1132 2693 1266 2756 Lutheri
1282 2692 1441 2756 condem-

323 2793 503 2869 nationem,
521 2791 703 2855 sententias
719 2792 830 2855 olima
851 2792 973 2879 scipso,
997 2790 1142 2854 dictante
1167 2792 1287 2869 Fabro,
1319 2815 1439 2878 propa·

323 2889 417 2968 latas,
440 2889 538 2953 etiam
553 2889 731 2979 legitimaS,
749 2889 925 2966 abdicavit,
946 2913 1007 2952 nec
1025 2901 1153 2952 tantum
1175 2889 1279 2976 ipsius
1300 2889 1436 2952 Lutheri

324 2988 525 3052 assertiones
546 2987 603 3051 sed
620 3000 652 3051 et
668 3011 742 3051 suas
761 2987 907 3074 rejecit².

368 3086 478 3149 Primo
499 3085 634 3173 quidem
651 3087 831 3149 Lutherum
848 3087 881 3149 in
903 3086 1120 3150 concionibus
1141 3085 1181 3149 ad
1201 3085 1360 3172 populum
1388 3099 1442 3150 aut

323 3184 364 3247 ad
385 3184 597 3271 presbyteros
627 3183 840 3247 vehementer
864 3184 1086 3248 denunciavit.
1111 3184 1293 3248 Occasione
1315 3183 1441 3247 doctri·

323 3306 383 3346 nae
405 3281 613 3371 evangelicae
635 3305 733 3369 quam
754 3282 884 3359 evolvit,
904 3283 1034 3369 saepius
1056 3296 1087 3345 et
1106 3281 1139 3344 in
1163 3283 1202 3344 25
1225 3280 1292 3344 scre
1314 3306 1440 3345 sermo-

323 3380 434 3457 nibus,
457 3380 497 3443 ad
527 3380 710 3443 contrarias
736 3380 997 3443 Lutheranorum
1036 3380 1210 3468 opiniones
1236 3379 1440 3444 transeundo

323 3477 452 3541 alludit.
478 3477 532 3542 Sic
553 3477 593 3542 de
614 3478 805 3565 Antiphona
826 3480 951 3565 Regino
971 3479 1055 3542 coeli
1073 3478 1253 3542 exclamat:
1274 3479 1441 3542 «Debent

325 3600 440 3640 omncs
461 3576 611 3639 certatim
633 3601 706 3639 cum
728 3575 907 3639 letabunda
927 3576 1066 3640 ecclesia
1087 3577 1150 3639 hoc
1177 3575 1224 3639 illi
1246 3577 1294 3662 (B.
1320 3577 1366 3639 M.
1389 3577 1439 3660 V.)

324 3675 529 3762 praeclarum
546 3674 721 3737 concinere
739 3674 914 3751 canticum,
934 3674 1082 3761 quamvis
1102 3673 1224 3737 invidia
1244 3674 1440 3738 Lutherauis

324 3785 519 3860 rumpantur
540 3772 616 3835 ilia:
638 3775 765 3860 Regino
780 3772 871 3835 coeli.
897 3797 913 3832 a
936 3775 1017 3836 ltcm
1037 3772 1078 3835 dc
1096 3773 1292 3836 Sanctorum
1308 3794 1440 3835 venera·

322 3871 436 3934 tione:
461 3898 477 3932 a
499 3870 619 3934 Merito
645 3869 787 3933 debcant
808 3870 1003 3933 erubescere
1025 3871 1323 3934 subsannantes...
1347 3869 1439 3933 invo-

324 3969 487 4032 cationem
514 3981 716 4045 sanctorum,
746 3992 828 4055 quac
856 3980 906 4031 cst
930 3969 1031 4055 impia
1053 3982 1086 4032 et
1110 3968 1259 4055 improba
1281 3968 1440 4031 Luthera-

324 4091 440 4130 norum
470 4066 620 4144 assertio,
657 4066 893 4130 oblatrantium
928 4066 1017 4154 quod
1048 4090 1114 4129 non
1139 4066 1319 4129 debeamus
1347 4089 1439 4130 orare

360 4292 383 4340 1.
405 4287 557 4340 Restitutio
572 4288 692 4357 integra,
707 4289 730 4338 l⁰
746 4291 779 4340 30
790 4300 828 4337 νο.

359 4363 383 4411 2.
404 4359 496 4411 Variae
508 4359 668 4410 diversorum
683 4366 744 4410 tunc
758 4359 894 4411 hominum
912 4359 1004 4427 agendi
1018 4359 1128 4410 rationes
1146 4378 1205 4427 erga
1218 4359 1440 4412 Reformationem

323 4439 348 4483 ct
370 4431 557 4482 Orthodoxiam
578 4431 667 4482 callide
691 4431 738 4482 sub
759 4431 842 4482 verbis
864 4430 1039 4499 Evangelistac
1060 4431 1185 4482 lobannis
1209 4431 1357 4482 Passionem
1378 4450 1440 4482 nar-

323 4504 403 4554 rantis
422 4503 561 4572 descriptae
580 4510 640 4553 sunt
660 4503 687 4553 in
706 4503 790 4553 libro:
821 4504 843 4552 T
842 4509 939 4553 orturo
959 4509 983 4553 ct
1004 4521 1074 4554 crux
1092 4500 1171 4571 fidei,
1192 4521 1206 4553 a
1225 4502 1380 4554 Lutherauis
1395 4503 1442 4554 sub

323 4574 471 4626 Germania.
488 4573 575 4625 Pierrc
588 4573 697 4644 Clrepin.
712 4605 747 4613 -
762 4573 814 4640 Qui
827 4574 875 4624 luit
889 4573 1055 4644 reimpressus
1070 4593 1083 4625 a
1098 4572 1218 4633 Garnier,
1236 4573 1354 4626 Cornuti.
