3074 5422
806 388 955 448 ..42-

313 520 410 585 nibus
423 521 625 609 judiciisque
648 522 735 585 inter
763 524 924 585 Doctores
946 523 1137 614 'l'heologos
1163 524 1368 611 principales
1389 548 1436 588 as-

314 620 455 706 sumpsit
475 633 598 706 partes.
624 619 773 683 Societas
799 644 908 707 quam,
932 620 1106 684 occasione
1128 622 1435 702 Determr'notr'oniS,

314 742 387 782 cum
408 717 544 805 antiquo
574 717 774 796 adversario,
810 718 936 781 seilicet
961 718 1062 796 Beda,
1092 719 1223 798 inierat,
1252 719 1379 784 firmior
1405 721 1438 784 in

310 815 384 879 dies
399 818 513 893 evasit,
532 830 576 893 et,
595 828 708 879 mutuo
729 840 905 891 consensu,
928 816 1040 880 indole
1057 817 1134 880 licet
1146 816 1309 904 dispares,
1324 819 1438 882 Facul-

313 915 390 978 tatis
410 914 617 1002 theologicae
638 913 717 977 heta
735 913 895 978 moderati
917 928 1005 977 sunt.

358 1013 468 1076 Bedae
480 1012 613 1099 quidem
627 1036 692 1074 non
711 1012 877 1075 minimam
892 1013 1057 1099 praestitit
1072 1037 1206 1099 operam
1224 1013 1437 1078 Clichtoveus

314 1111 348 1174 in
369 1111 592 1173 controversia
614 1134 711 1198 quam
730 1134 803 1173 cum
824 1112 945 1173 Jacobo
966 1110 1109 1174 Merlino
1130 1110 1170 1174 de
1192 1111 1338 1201 Origene
1359 1137 1438 1202 age-

313 1210 381 1272 bat.
398 1211 462 1272 Bes
479 1208 592 1296 utique
607 1208 731 1295 pluries
746 1232 763 1270 e
776 1210 927 1272 Sorbona
939 1208 980 1271 ad
993 1208 1238 1272 Parlamentum
1250 1222 1282 1272 et
1290 1210 1437 1273 vicissim

314 1307 416 1370 relata
433 1306 548 1371 suerat.
564 1309 702 1370 Petente
712 1305 846 1369 tandem
856 1305 960 1382 Beda,
973 1307 1185 1370 commissum
1197 1307 1257 1371 suit
1268 1332 1285 1371 a
1298 1308 1437 1371 Theolo-

315 1405 365 1495 gis
384 1404 586 1467 Doctorihus
606 1404 798 1467 Clichtoveo
815 1428 933 1467 munus
945 1404 1135 1492 corrigendi
1148 1405 1251 1468 libros
1267 1406 1390 1492 quibus
1406 1418 1438 1468 et

314 1503 404 1566 Beda
416 1515 448 1565 ct
460 1501 594 1588 quidam
611 1504 780 1565 Massaeus
795 1501 989 1589 ilpologr'om
1007 1503 1159 1590 Origems
1176 1527 1191 1566 a
1208 1503 1352 1567 Merlino
1368 1516 1437 1566 ten-

314 1612 414 1662 tatam
436 1600 686 1690 impugnabant.
707 1601 780 1681 Quo
798 1599 894 1676 sacto,
913 1600 1044 1663 licentia
1063 1600 1144 1687 ipsis
1161 1602 1226 1686 (19α
1241 1625 1316 1691 aug.
1339 1601 1437 1689 1526)

315 1723 391 1761 suos
413 1697 534 1761 edendi
555 1698 659 1761 libros
675 1721 832 1761 concessa
855 1711 916 1775 est,
936 1711 1055 1788 negata
1070 1723 1147 1761 vero
1169 1699 1229 1762 luit
1246 1700 1402 1763 Merlino.

359 1796 472 1859 Altera
491 1796 574 1872 vice,
605 1796 816 1859 Clichtoveus
838 1809 961 1873 noster,
988 1796 1184 1859 auctoritate
1208 1821 1277 1873 sua,
1306 1822 1438 1861 necnon

316 1893 425 1957 Bedae
447 1894 492 1956 uti
524 1907 656 1957 coactus
678 1907 728 1957 est
762 1894 794 1957 in
825 1893 966 1956 savorem
1003 1894 1053 1956 sui
1074 1894 1218 1981 nepotis,
1242 1894 1436 1984 Hieronymi

316 1992 512 2055 Clichtovei.
527 1991 685 2072 Hic,dum
700 2004 769 2054 erat
784 1992 955 2056 Sorbonae
972 2005 1093 2068 rector,
1109 1992 1161 2054 ‘10¹¹
1177 1993 1323 2056 octobris
1338 1995 1436 2069 1519,

315 2089 509 2153 temerarias
531 2089 777 2177 propositiones
791 2090 821 2152 in
840 2114 895 2152 sua
913 2091 1032 2179 Magna
1048 2089 1295 2153 Ordinariasub
1312 2093 1339 2154 J.
1359 2093 1440 2154 Bar-

314 2187 496 2262 tholomeo,
516 2187 735 2264 cisterciensi,
753 2187 918 2273 praeside,
937 2186 1121 2251 sustinuit¹.
1143 2189 1178 2249 ln
1200 2212 1237 2250 ea
1253 2188 1340 2251 enim
1352 2189 1439 2252 hanc

315 2285 435 2348 thesim
463 2285 600 2372 posuit:
631 2287 743 2348 «Non
777 2285 851 2374 lege
878 2284 987 2348 divina
1011 2298 1066 2348 aut
1092 2285 1245 2362 naturali,
1277 2287 1441 2351 beneficia

316 2385 473 2446 bursasve
493 2383 648 2462 vendere,
668 2395 722 2445 aut
743 2383 922 2470 pensiones
936 2382 1113 2461 redimere,
1133 2383 1167 2446 in
1184 2383 1256 2446 loeo
1278 2399 1441 2449 sacroaut

317 2481 369 2545 dic
391 2480 474 2544 festo
495 2480 671 2570 negotiari,
690 2481 775 2543 sicut
796 2505 856 2543 nec
873 2480 1114 2544 ecclesiasticos
1130 2481 1367 2569 agriculturam
1383 2497 1440 2548 aut

316 2579 480 2642 manualia
496 2603 596 2666 opera
606 2602 773 2653 exercere,
793 2591 843 2641 est
859 2578 1056 2641 illicitum».
1072 2580 1175 2659 Quam
1189 2580 1311 2643 thesim
1327 2582 1440 2645 Theo·

317 2677 424 2765 logica
457 2676 609 2740 Facultas
632 2676 844 2762 reprobavit3
876 2677 953 2751 imo,
981 2677 1161 2767 instigante
1183 2677 1284 2755 Beda,
1317 2679 1440 2744 auditis

317 2777 408 2862 prius
430 2774 621 2839 Clichtoveo
636 2774 926 2850 etBartholomeo,
945 2776 1025 2838 istas
1043 2775 1303 2862 propositiones,
1322 2778 1440 2843 ultima

317 2886 466 2958 excepta,
481 2873 511 2934 4α
528 2872 728 2949 novembris,
746 2871 990 2935 condemnavit.
1014 2875 1087 2936 Duo
1103 2887 1277 2959 praeterea
1297 2876 1414 2940 statuit
1432 2903 1437 2940 :

318 2970 445 3034 scilicet
466 2983 500 3033 ut
521 2971 554 3032 in
574 2970 798 3057 disputatione
825 2994 908 3056 quae
929 2970 1050 3033 dicitur
1073 2971 1183 3033 Minor
1204 2971 1381 3037 Ordinaria
1407 2988 1441 3039 et

316 3092 413 3155 quam
434 3067 474 3130 ad
496 3071 606 3132 Nonas
628 3068 822 3131 decembres
847 3067 979 3130 habitus
999 3081 1080 3146 erat,
1106 3069 1194 3132 Hier.
1225 3070 1440 3136 Clichtoveus

316 3166 516 3228 contrariam
550 3166 672 3229 thesim
703 3178 885 3228 assereret:
905 3165 1037 3243 deinde,
1062 3180 1097 3230 ut
1113 3168 1233 3254 quibus
1256 3169 1437 3259 magistris,

317 3276 372 3327 aut
401 3264 475 3326 aliis
504 3264 583 3327 viris
613 3264 884 3327 honoratioribus
913 3278 1159 3355 programmata
1198 3265 1440 3352 disputationis

318 3362 439 3448 prioris
461 3362 638 3439 obtulerat,
657 3361 774 3424 iisdem
795 3374 826 3424 et
847 3361 1042 3447 posterioris
1064 3361 1210 3426 offerret.

365 3461 478 3524 Paruit
496 3459 715 3546 Hieronymus
729 3459 952 3536 Clichtoveus,
977 3484 1010 3522 se
1038 3460 1191 3523 submisit
1211 3464 1239 3524 J.
1259 3463 1438 3527 Bartholo-

229 3552 231 3556 ’
320 3583 411 3622 meus
432 3582 551 3645 resque
572 3556 663 3620 finita
684 3569 733 3619 est
755 3559 785 3619 5²
803 3556 991 3620 decembris
1013 3559 1094 3620 1521
1116 3583 1121 3620 :
1145 3571 1180 3621 ut
1196 3559 1338 3650 rigidam
1359 3585 1440 3650 erga

318 3658 431 3720 theses
448 3655 495 3718 sie
520 3679 597 3743 erga
619 3654 803 3719 Clichtovei
833 3679 1007 3741 personam
1030 3655 1209 3743 benignam
1229 3681 1263 3720 se
1285 3659 1440 3722 Facultas

320 3753 477 3826 ostendit,
499 3752 675 3839 ipsumque
693 3753 748 3815 24²²
763 3751 875 3814 martis
894 3754 977 3814 1599
995 3752 1027 3814 in
1041 3754 1219 3816 Ductorem
1236 3755 1381 3818 admisit.
1399 3759 1441 3820 Et

320 3852 363 3914 ita
375 3849 509 3938 quidem
523 3849 631 3912 forsan
653 3849 732 3939 egit,
757 3849 906 3912 avunculi
928 3850 1056 3912 ratione
1074 3850 1197 3914 habita.
1216 3852 1269 3918 Ob
1291 3853 1441 3917 eamdem

321 3949 403 4012 sorte
425 3972 568 4024 eausam,
592 3948 624 4009 in
641 3945 891 4010 condemnanda
911 3947 1067 4033 opinione
1089 3948 1200 4011 'l‘rium
1223 3949 1441 4041 Magdalena-

320 4071 405 4123 rum,
437 4048 468 4107 0³
497 4045 686 4107 novembris
717 4046 813 4121 1521,
840 4069 856 4107 a
887 4045 1039 4131 personis
1070 4046 1280 4110 nominandis
1306 4048 1442 4135 penitus

321 4142 512 4207 abstinuit².
535 4145 629 4221 Item,
654 4142 872 4230 sequentibus
890 4142 985 4205 annis
1000 4143 1129 4230 quoties
1146 4144 1186 4207 de
1203 4146 1360 4224 Luthero,
1386 4162 1441 4211 aut

357 4415 381 4463 1.
403 4412 442 4462 De
455 4411 502 4462 hac
516 4429 543 4461 re
558 4410 721 4478 d'Argentre,
741 4409 774 4466 ll,
792 4428 859 4459 vui:
886 4410 917 4461 de
938 4429 966 4460 re
986 4408 1151 4478 Origeniana,
1173 4411 1339 4481 dhrgontni,
1363 4414 1396 4474 ll,
1414 4434 1443 4468 rx

320 4491 346 4536 et
361 4483 499 4543 Launoius,
516 4485 554 4532 De
567 4480 672 4532 scholis
690 4480 901 4541 celebrioribus,
917 4500 942 4551 p.
962 4484 1021 4536 156.

359 4559 384 4606 2.
406 4554 577 4622 D'Argcntre,
593 4553 626 4612 ll,
643 4571 733 4622 p.v11.
