3074 5422
613 435 772 496 ..29-

138 571 267 658 quantis
288 581 398 658 potest
419 569 619 632 fulcimentis
640 569 729 633 illius
750 569 941 656 opinionem
968 569 1084 633 fulcire
1106 571 1253 635 molitur.

137 670 257 732 Verum
278 691 379 754 quum
402 690 463 754 pro
484 690 520 730 ea
542 666 740 730 stabilienda
762 666 903 730 adhaec
928 679 994 731 tam
1019 666 1134 731 frivola
1160 681 1258 757 atque

138 765 246 829 inania
267 764 448 854 confugiat,
471 763 630 828 indicium
647 777 709 835 est,
731 763 891 828 validiora
908 764 1025 827 deesse
1051 766 1171 852 quibus
1188 790 1257 830 eam

142 863 346 951 comprobet.
367 863 419 926 Ob
433 861 522 950 quod
540 874 641 938 certe,
664 885 734 924 mea
752 862 928 938 sententia,
948 862 1051 925 multo
1067 862 1183 926 luisset
1203 888 1258 951 op-

137 961 268 1024 tabilius
302 961 422 1035 Fabio,
458 960 484 1023 si
518 984 557 1023 ne
591 961 728 1022 verbum
763 959 898 1046 quidem
932 960 1075 1023 lodocus
1103 961 1253 1039 dixisset,

138 1083 232 1146 quam
253 1058 336 1121 adeo
353 1057 472 1145 frigide
490 1059 670 1144 jejunoque
691 1082 821 1121 causam
842 1058 968 1146 egisset
984 1082 1086 1121 suam.
1112 1085 1128 1119 1)

179 1156 272 1220 Istud
288 1180 371 1243 opus
392 1157 445 1219 23⁸
462 1154 619 1219 februarii
638 1156 722 1218 1519
740 1154 802 1219 fuit
818 1155 985 1220 emissum.
1004 1155 1111 1243 Aprili
1129 1181 1254 1231 mense,

137 1255 356 1319 aClichtoveo
372 1255 556 1317 Turnacum
572 1276 705 1316 reverso
722 1253 848 1339 prolata
868 1266 932 1316 est:
947 1254 1203 1340 Disceptationis
1217 1257 1257 1318 de

135 1352 338 1440 Magdalena
370 1352 514 1440 defensio
552 1351 733 1439 Apologiae
762 1352 873 1413 Marci
903 1351 1127 1415 Grandivallis
1165 1352 1254 1416 illam

136 1451 322 1537 improbare
341 1453 472 1512 nitentis
483 1473 524 1511 ea
538 1450 675 1512 adverso
688 1448 913 1535 ·resp0ndens,·
930 1473 993 1536 qua
1010 1451 1256 1536 protestabatur

137 1547 196 1610 iste
212 1571 247 1610 se
266 1546 354 1609 nolle
373 1546 424 1610 vel
440 1546 667 1634 quaestionem
689 1547 774 1609 hanc
794 1547 856 1609 etsi
877 1546 1015 1610 liberam
1029 1547 1185 1610 dirimere
1204 1549 1255 1611 vel

139 1644 303 1735 liturgiam
332 1657 481 1707 mutare:
509 1644 567 1708 sed
592 1657 718 1707 tantum
748 1646 785 1708 B.
822 1643 1052 1734 Magdalenae,
1075 1645 1256 1709 Peccatrici

139 1741 259 1806 diutius
282 1742 427 1816 habitae,
450 1765 543 1805 suum
569 1743 729 1805 honorem
756 1742 944 1805 restituere.
975 1742 1184 1831 suggillabat
1209 1744 1255 1807 in-

139 1863 233 1926 super
257 1840 405 1904 Maroum
430 1839 688 1915 Grandivallem,
713 1839 790 1927 quia
817 1852 1002 1903 asseruerat
1027 1841 1171 1904 Fabrum
1194 1865 1255 1928 po-

138 1961 214 2001 nere
235 1950 304 2000 tres
324 1937 550 2028 Magdalenas,
574 1962 646 2000 cum
669 1962 781 2001 revera
803 1937 883 2001 duas
904 1937 1117 2026 Magdalenas
1138 1951 1172 2001 et
1187 1951 1255 2003 tres

136 2037 254 2099 Marias
266 2033 459 2112 affirmabat,
478 2035 568 2123 qnod
580 2035 680 2099 multa
693 2035 797 2122 ipsius
811 2048 1005 2126 argumenta
1023 2036 1252 2122 praeterierat,

136 2133 222 2220 quod
246 2133 389 2197 Fabrum
417 2133 613 2224 Magistrum
636 2133 669 2196 in
697 2133 833 2197 Artibus
860 2146 892 2196 et
921 2158 986 2196 non
1010 2133 1042 2196 in
1074 2133 1255 2223 Theologia

135 2231 411 2318 incompetentem
442 2231 586 2295 dixerat:
616 2258 632 2292 «
666 2230 763 2313 Quod
789 2230 816 2293 si
844 2231 962 2307 Faber,
990 2231 1109 2308 aiebat,
1142 2233 1254 2296 aDeo

135 2352 250 2392 munus
266 2327 349 2392 illud
366 2328 606 2416 intelligentiae
622 2330 761 2416 accepit,
780 2341 815 2392 ut
831 2341 1046 2416 posteaquam
1061 2328 1255 2416 disciplinas

135 2429 166 2489 et
186 2426 434 2514 philosophicas
458 2439 490 2489 et
513 2426 653 2489 morales
679 2439 711 2489 et
732 2426 980 2489 mathematicas
999 2428 1067 2513 jam
1091 2427 1255 2515 collapsas

135 2524 262 2610 primus
301 2524 434 2610 (nullius
469 2524 591 2587 invidia
627 2524 751 2588 dictum
778 2524 831 2609 sit)
853 2524 886 2587 in
909 2525 972 2587 hoc
1000 2537 1114 2587 nostro
1144 2525 1256 2588 studio

136 2622 339 2699 instauravit,
360 2635 392 2685 et
409 2646 467 2709 pro
487 2621 574 2685 virili
595 2622 815 2709 undequaque
832 2622 991 2684 hactenus
1004 2622 1102 2709 juvit,
1121 2622 1255 2686 demum

137 2743 245 2782 sacras
267 2719 395 2783 litteras
416 2719 494 2782 satis
522 2719 661 2783 feliciter
690 2719 811 2796 tradat,
841 2719 921 2806 quid
945 2720 1171 2808 apologeticus
1200 2721 1255 2785 ille

138 2817 282 2903 objectat
297 2817 387 2904 quod
409 2830 594 2904 comportat
608 2841 692 2904 quae
713 2841 779 2879 non
800 2817 998 2880 seminavit?
1019 2843 1036 2878 »

181 2914 305 2978 Eodem
326 2915 392 2978 sere
412 2927 561 3002 tempore
582 2916 689 2979 Faber
710 2939 823 2978 novam
846 2939 904 2977 seu
923 2915 1053 2978 tertiam
1075 2915 1255 2980 editionem

136 3037 211 3076 suae
231 3015 278 3076 De
298 3012 503 3100 Magdalcna
524 3015 771 3099 disceptationis
791 3012 940 3090 tradidit,
964 3025 996 3075 et
1023 3013 1143 3077 deinde
1164 3016 1251 3104 (aug.

136 3110 230 3195 1519)
247 3110 295 3172 De
320 3111 427 3174 tribas
450 3124 479 3172 et
505 3115 602 3173 cirtica
627 3109 827 3198 Magdalcno
849 3111 1112 3196 disceptationem
1136 3135 1253 3174 secan-

135 3207 223 3286 dum,
246 3207 279 3269 in
302 3232 363 3295 qua
386 3206 569 3272 Cliehtovei
586 3207 836 3271 emendationes
853 3207 916 3271 sibi
933 3209 1085 3295 proprias
1097 3207 1250 3274 faciebat.

179 3307 292 3393 ltaque
322 3308 349 3369 J.
386 3305 503 3368 Fishcr
535 3321 648 3369 rursus
678 3305 874 3369 adversariis
909 3306 1092 3392 respondit.
1128 3310 1252 3372 Contra

135 3403 361 3467 Cliehtoveum
383 3403 424 3465 ab
445 3403 518 3489 ipso
542 3402 668 3466 directa
689 3403 750 3466 luit
771 3405 857 3488 (aute
885 3405 1068 3492 augustum)
1088 3429 1094 3466 :
1118 3407 1254 3468 Eversio

145 3505 323 3564 uanitionis
356 3524 455 3589 qnam
488 3501 631 3564 Jodocus
666 3501 870 3566 Cliclitovens
907 3505 1034 3590 erigere
1063 3503 1256 3567 moliebatur

136 3598 294 3662 adversus
319 3603 450 3661 amcam
479 3599 727 3686 Magdalenam,
758 3600 881 3662 Contra
903 3602 1046 3663 Fabrnm
1073 3601 1114 3662 ab
1136 3600 1253 3664 eodem

135 3695 260 3784 prodiit
280 3695 325 3784 (3³
341 3696 551 3784 septembris)
568 3721 574 3758 :
596 3698 760 3759 Joliannis
775 3697 906 3760 Fislieri
918 3698 1078 3784 [lossensis
1097 3703 1250 3787 episcopi,

135 3796 314 3881 confutatio
333 3795 498 3857 secandae
512 3795 757 3880 disceptationis
775 3796 806 3858 J.
825 3797 862 3857 F.
884 3795 1088 3882 Stapalcnsis
1103 3796 1143 3858 de
1157 3798 1255 3885 Mag-

134 3893 264 3955 dalena.
286 3891 424 3979 abipso
441 3892 539 3955 etiam
557 3895 669 3956 Marco
686 3892 892 3957 Grandivalli
909 3893 1152 3980 scriptumest:
1171 3894 1255 3982 Apo·

135 3991 239 4077 lagiae
258 4015 314 4053 sen
334 3991 511 4078 defensorii
528 3991 682 4054 ccclesiae
701 3990 892 4072 catholicae,
916 4016 981 4054 iton
1002 4007 1066 4055 tres
1086 3997 1151 4056 sive
1170 3994 1255 4056 duas

135 4089 354 4175 Magdalenas
374 4088 433 4151 sed
451 4093 582 4152 unicam
598 4089 794 4152 celebrantis
819 4105 849 4152 et
869 4090 1014 4167 colentis,
1041 4105 1255 4154 tutamentum

135 4201 165 4249 et
190 4186 350 4249 anchora.
377 4187 498 4249 -His
519 4186 552 4249 in
577 4186 734 4272 operibus
762 4211 829 4250 non
858 4188 968 4251 omnia
988 4188 1134 4251 caritatis
1158 4188 1253 4275 plena

136 4296 240 4346 erant.
270 4283 434 4348 Praelatio
454 4286 644 4349 Eversionis
665 4284 712 4347 sic
738 4285 996 4349 exordiebatur:
1021 4313 1037 4347 «
1063 4288 1187 4351 Vereor
1213 4310 1253 4349 nc

137 4379 294 4445 fluctuare
316 4381 554 4445 nonnullorum
575 4382 702 4445 animos
727 4382 899 4446 effecerint
924 4408 1065 4470 eaquae
1090 4387 1118 4447 l.
1148 4385 1254 4448 Faber

138 4490 170 4540 et
189 4481 217 4542 J.
242 4479 453 4542 Cliehtoveus
476 4481 737 4567 Neoportucnsis
758 4482 914 4544 adversus
935 4482 1064 4544 unicam
1085 4481 1255 4569 Magdale-

139 4599 212 4638 nam
238 4576 389 4664 pluribus
417 4577 656 4642 disseruerunt.
684 4604 700 4638 »
723 4578 887 4642 lrridcbat
908 4578 1029 4644 deinde
1055 4579 1255 4643 emendatio·

1284 4880 1444 5104 Γ
