3074 5422
683 421 863 484 -103-

212 569 417 647 adhaereret,
432 568 620 658 Theologos
637 567 734 631 etiam
746 566 848 630 Medii
858 566 937 630 Aevi
951 565 1118 629 revolvere
1137 567 1260 652 coepit.
1275 567 1330 631 Sic

211 667 309 730 istum
325 670 459 731 Petrum
482 665 702 730 Lombardum
722 689 821 752 quem
842 664 920 727 olim
937 663 1129 751 neglexerat
1152 676 1184 726 et
1205 665 1330 728 scolas-

210 765 293 828 ticae
306 765 472 828 barbariei
489 788 580 828 rcum
599 763 733 840 fecerat,
752 763 784 826 in
796 762 882 825 libro
899 763 947 825 De
958 763 1175 825 «Sacramenta
1196 764 1329 826 Eucha-

211 860 810 948 1·istiaecontraOecolampadiumf⁰
831 861 849 923 9
870 859 1049 923 defendere
1069 860 1226 924 tentavit!
1252 861 1331 925 Ale-

208 959 334 1024 xander
349 960 389 1023 de
407 960 516 1037 Hales,
531 959 688 1022 hlbertus
706 961 858 1047 Magnus,
872 960 1105 1021 Bonaventura
1122 971 1154 1022 ct
1168 959 1327 1035 Thomas,

211 1058 276 1146 ipsi
298 1058 476 1121 familiares
490 1070 596 1120 erant.
616 1061 640 1120 Τ
643 1057 775 1120 homam
792 1055 970 1144 praecipue
988 1056 1124 1143 saepius
1144 1056 1329 1133 invocabat,

209 1159 302 1243 cujus
317 1180 429 1243 opera,
443 1181 472 1219 v.
488 1180 520 1245 g.
540 1153 692 1219 Officium
709 1153 979 1230 eucharisticum,
992 1153 1117 1240 triplici
1129 1153 1200 1217 vice
1211 1154 1331 1218 landa-

209 1256 276 1318 bat.
308 1257 491 1342 Utrumque
521 1267 631 1317 tamen
659 1252 737 1316 olim
763 1253 856 1339 quasi
889 1252 1060 1342 negligere
1090 1252 1178 1315 visus
1210 1251 1329 1317 fuerat.

209 1354 246 1415 ln
260 1353 360 1416 rebus
372 1351 537 1439 liturgicis
550 1350 779 1414 innocentium
796 1351 840 1413 lll
854 1362 885 1412 ct
902 1348 1118 1413 Guillelmum
1134 1350 1330 1414 Durandum

208 1462 311 1513 testes
336 1450 493 1537 appellat.
521 1452 648 1513 Paucos
669 1448 818 1512 nominat
839 1447 1027 1535 Theologos
1049 1448 1172 1511 saeculi
1197 1473 1263 1525 xiv,
1289 1474 1329 1513 ne

210 1549 346 1612 Scotum
362 1547 495 1635 quidem
514 1549 608 1632 cujus
627 1546 789 1610 theoriam
812 1545 852 1608 dc
875 1545 1106 1608 lucarnatione
1127 1546 1228 1637 longe
1249 1546 1332 1610 late-

209 1669 272 1732 que
298 1644 429 1709 evolvit.
462 1645 522 1708 hst
544 1645 577 1708 in
596 1670 636 1707 xv
653 1644 784 1708 saeculo
805 1655 981 1730 postquam
1002 1646 1162 1707 loannem
1191 1647 1278 1709 lluss
1299 1659 1332 1709 et

209 1742 388 1812 Wiclefum
403 1742 540 1807 Lutheri
553 1766 788 1830 praecursores
805 1740 997 1805 refutandos
1009 1743 1201 1828 assumpsit,
1217 1743 1331 1830 plures

210 1841 389 1905 catholicos
414 1840 580 1930 designat,
605 1865 634 1904 v.
657 1865 690 1928 g.
709 1843 905 1915 Gersoncm‚
929 1841 1044 1903 Patres
1070 1840 1278 1904 basileenses
1299 1855 1332 1905 et

212 1939 496 2015 Constantienses‚
521 1942 681 2003 loannem
702 1937 743 2000 de
765 1941 1029 2015 'l'urrecrcmata,
1052 1938 1328 2024 praedicatorem,

210 2049 240 2100 et
268 2036 402 2101 tandem
433 2037 621 2101 Gabrielem
644 2036 716 2099 Biel
746 2049 778 2099 ct
803 2036 962 2099 'l'homam
989 2035 1143 2114 Walden,
1172 2038 1228 2124 qui
1254 2033 1332 2101 sunt

211 2135 317 2198 fontes
333 2135 508 2224 exquibus
524 2134 682 2223 pleraque
698 2134 731 2197 iu
749 2133 816 2198 suis
828 2133 985 2221 operibus
1001 2133 1123 2198 hausit.
1140 2135 1330 2199 Gabrielem

209 2233 278 2297 Bicl
296 2233 457 2321 sequitur,
475 2234 510 2296 in
522 2236 539 2295 3
553 2233 638 2296 libro
648 2232 881 2313 Elucidatorii,
896 2232 930 2295 in
939 2233 988 2295 De
1003 2233 1216 2296 Veneratione
1229 2235 1329 2297 Sanc-

209 2346 327 2411 torum,
350 2332 384 2395 in
405 2332 615 2395 Antilutbero
636 2343 668 2394 et
687 2331 962 2418 Propugnaculo:
979 2330 1121 2398 Walden
1143 2337 1275 2419 quoque
1295 2332 1329 2396 in

208 2429 325 2494 iisdem
341 2430 437 2493 libris
458 2430 538 2493 etin
554 2429 641 2493 libro
656 2431 706 2492 De
719 2430 955 2492 Eucharistiae
968 2444 1172 2493 sacramento
1190 2431 1329 2494 maxime

206 2528 322 2592 utitur.
342 2531 499 2593 Caeteros
520 2528 570 2592 sui
585 2527 745 2615 temporis
761 2528 960 2618 'fheologos‚
977 2528 1037 2616 ,qui
1052 2527 1213 2615 cumipse
1231 2529 1330 2592 dimi-

206 2638 363 2690 caverunt
387 2626 563 2703 haeresim,
596 2627 629 2689 in
655 2625 719 2690 fine
745 2625 961 2713 Compendii¹,
992 2625 1259 2690 commemorat².
1289 2629 1329 2691 Hi

205 2736 283 2788 sunt
303 2726 331 2788 J.
353 2724 482 2801 Fisher,
501 2726 676 2812 episcopus
696 2722 876 2799 Roffensis‚
899 2736 932 2787 et
948 2748 1022 2787 mox
1042 2723 1170 2788 futurus
1191 2737 1326 2815 martyr,

204 2825 232 2887 J.
259 2822 391 2899 Echius,
414 2824 441 2886 J.
470 2823 668 2900 Cochlaeus,
693 2825 708 2886 J
716 2872 721 2884 .
742 2823 861 2899 Faber,
885 2822 1085 2885 Helveticus.
1105 2821 1231 2886 Alludit
1251 2824 1328 2887 huic

204 2922 232 2984 J.
257 2920 366 2984 Fabro
388 2921 558 2984 Helvetico
583 2921 682 2984 «viru
705 2920 819 3008 utique
847 2919 1072 2983 eruditissimo
1095 2921 1129 2983 in
1151 2945 1252 3008 opere
1268 2946 1327 2986 suo

204 3018 295 3107 quod
318 3018 456 3082 Malleus
476 3018 719 3083 haereticorum
739 3017 962 3081 inscribitur»
984 3024 1058 3082 cum
1075 3019 1115 3082 de
1132 3019 1269 3106 jejuniis
1295 3034 1328 3085 et

204 3116 417 3181 abstinentiis
437 3130 576 3180 tractat:
600 3117 729 3180 dnobus
746 3117 824 3180 item
837 3116 932 3181 libris
953 3143 969 3178 a
981 3117 1186 3203 percelebris
1198 3131 1231 3181 et
1251 3143 1327 3184 eru-

204 3214 333 3278 ditione
350 3215 462 3278 eximii
477 3216 538 3279 viri
553 3218 567 3279 J
575 3269 582 3283 .
605 3215 760 3280 Cochlaei
780 3214 1089 3279 Francofordiensis
1107 3217 1154 3278 De
1173 3216 1327 3282 Auctori-

204 3327 273 3377 tate
296 3314 466 3376 Ecclesiae
486 3326 518 3376 et
543 3316 591 3377 De
609 3315 733 3376 Fomite
745 3318 875 3400 peccati
894 3324 926 3376 et
949 3312 1022 3376 aliis
1043 3312 1076 3376 in
1097 3313 1158 3377 hac
1180 3327 1327 3402 tempes-

204 3423 419 3475 tuosarcrum
436 3411 608 3498 procellaa
626 3436 660 3475 se
681 3411 779 3474 editis
791 3411 998 3498 operibusa:
1021 3414 1061 3474 H.
1081 3413 1218 3475 Emseru
1240 3441 1256 3474 a
1270 3415 1327 3502 qui

204 3509 435 3596 superioribus
451 3509 569 3572 diebus
581 3509 705 3600 insigni
720 3508 907 3573 eruditione
921 3508 1110 3596 praeclarus
1127 3521 1160 3573 et
1174 3510 1327 3576 christia·

205 3629 266 3670 nac
291 3606 424 3694 pietatis
456 3619 570 3671 contra
600 3607 720 3694 impios
745 3607 858 3670 hostes
889 3631 1072 3695 generosus
1106 3622 1252 3672 assertor
1258 3660 1322 3676 .....

204 3704 387 3769 elaboravit
402 3705 570 3795 egregiam
594 3707 628 3769 S.
654 3705 798 3768 Canonis
819 3704 1047 3768 defensionem
1074 3719 1187 3770 contra
1212 3707 1325 3773 Uldri-

204 3825 280 3865 cum
304 3803 479 3888 quemdam
500 3802 698 3893 Zvvinglium
724 3804 931 3866 Lutheranae
958 3802 1111 3866 factionis
1137 3804 1325 3892 improbum

205 3899 356 3976 militem,
376 3901 473 3987 qui...
492 3902 577 3963 hanc
594 3925 656 3988 qua
672 3925 759 3963 nunc
776 3899 996 3964 exscribimus
1010 3901 1185 3965 formulam
1201 3906 1325 3968 Luthe-
1368 3963 1370 3967 ,

204 4022 318 4060 ranam
338 3998 518 4075 succincte,
542 4011 670 4089 argute,
690 4012 721 4062 et
738 3998 907 4086 praeclare
925 3999 1085 4063 refutat...
1101 4003 1194 4087 cnjus
1211 4015 1244 4065 et
1264 4027 1325 4066 nos

205 4095 388 4158 consectari
420 4095 559 4184 vestigia
595 4098 627 4159 in
667 4098 728 4159 hac
763 4095 1071 4161 elucubratiuncula
1104 4122 1165 4185 pro
1198 4100 1324 4165 viribus

373 4303 382 4330 Ι

241 4303 265 4423 i.
288 4300 439 4423 iloifnioid
453 4372 485 4423 de
497 4371 626 4434 Remond,
646 4373 806 4444 Histoire...
823 4374 980 4426 adversarios
993 4374 1101 4425 Luthcri
1115 4375 1232 4444 designat
1246 4375 1323 4446 Caje-

205 4450 304 4502 tanum,
324 4443 443 4503 Hosium,
465 4443 567 4504 Polum,
589 4443 745 4514 Groperum,
761 4445 910 4500 cardinales.
936 4445 1089 4514 Georgium.
1113 4445 1203 4498 Saxiae
1220 4447 1321 4508 ducem,

206 4513 228 4564 J.
254 4514 373 4575 Eckium,
396 4516 548 4567 canonicum
577 4514 813 4584 ingolstadienscm,
842 4516 867 4567 J.
899 4517 1048 4575 Fishcrum.
1081 4517 1106 4568 J.
1132 4517 1322 4579 Cliehtoveum,

207 4584 229 4635 J.
246 4586 442 4655 Dcimbcrgum
456 4587 470 4638 J
476 4628 480 4636 .
498 4586 664 4639 Cochlaeum.
