3074 5422
675 421 854 481 -100-

207 556 421 644 disputando.
446 555 611 641 Ingemuit
636 567 759 631 tamen,
779 553 935 618 Sadoleto
960 559 977 617 7
1000 556 1113 619 martis
1138 559 1217 620 1531
1244 559 1325 622 seri-

207 657 306 718 bens:
326 682 341 715 a
360 656 446 717 Dum
464 652 497 714 in
514 675 611 715 arena
623 664 692 715 rete
706 651 887 739 falcemque
899 665 996 716 teneo
1008 652 1165 718 adversus
1177 679 1234 718 eos
1247 680 1328 744 quos

207 753 261 815 isti
286 752 387 815 veluti
410 749 568 836 capitales
593 749 726 836 pietatis
746 749 859 813 hostes
880 750 1033 814 omnibus
1053 752 1137 816 votis
1164 754 1328 817 extinctos

206 862 336 937 optant,
356 873 406 912 me
427 845 489 935 pro
508 848 589 935 ipsis
610 871 729 936 magno
749 846 953 911 fortunarum
974 849 1158 937 capitisque
1179 852 1328 938 periculo

206 948 453 1036 depugnantem
475 970 490 1008 a
511 958 607 1035 tergo
628 944 823 1009 adoriuntur
843 944 943 1033 idque
964 947 1119 1025 subinde,
1142 973 1229 1012 nnnc
1252 952 1328 1013 Stu-

206 1046 312 1122 nieae,
343 1068 430 1107 nunc
457 1044 624 1120 Sanctius,
652 1067 740 1105 nunc
770 1045 934 1120 latomus,
965 1069 1053 1108 nune
1082 1045 1208 1123 Bedda,
1242 1071 1328 1111 nunc

207 1146 319 1219 Sutor,
334 1166 421 1206 nuno
438 1142 650 1221 Clichtoveus,
667 1164 754 1203 nunc
768 1141 974 1220 Eustathius,
993 1166 1081 1206 nunc
1094 1145 1237 1208 Scurrae
1248 1145 1329 1211 Vin·

206 1241 363 1318 centiani,
393 1262 481 1304 nunc
509 1252 635 1302 turmae
664 1239 899 1303 monachorum
928 1240 1210 1327 llispaniensium‚
1241 1266 1329 1307 nune

205 1339 362 1402 Albertus
384 1337 474 1415 Pius,
503 1361 589 1400 nunc
614 1336 854 1413 Titelmannus,
883 1361 971 1401 nunc
1001 1338 1159 1403 Carvialis
1183 1366 1213 1402 ».
1238 1340 1329 1404 Idem

205 1437 377 1524 repetebat
390 1438 424 1498 ll
447 1434 562 1497 martis
581 1435 678 1512 1532,
697 1434 848 1498 scribens
864 1436 1033 1498 Cretzero.
1050 1437 1221 1501 Interdum
1239 1438 1329 1501 redi-

205 1535 305 1624 gebat
325 1533 447 1597 librum
468 1533 520 1595 cui
541 1531 680 1599 titulus:
701 1534 840 1595 Erasini
858 1535 1072 1597 Boterodami
1084 1535 1200 1598 dilatio
1216 1559 1329 1599 eorum

205 1656 291 1720 qnae
313 1633 457 1695 Jodocas
485 1630 693 1694 Clichtoveus
717 1635 849 1717 scripsit
873 1632 1031 1694 adversas
1055 1632 1328 1697 declamationem

204 1733 391 1793 suasoriam
424 1732 629 1792 matrimonii
638 1727 659 1805 ¹,
692 1740 724 1791 et
750 1728 767 1791 8
796 1727 879 1792 febr.
909 1731 992 1793 1533
1019 1729 1171 1793 dicebat:
1200 1757 1217 1792 a
1249 1732 1328 1795 Res·

204 1827 308 1914 pondi
335 1840 368 1890 et
393 1827 561 1890 veteribus
590 1826 718 1890 naeniis
752 1826 948 1891 Clichtovei.
982 1853 997 1889 n
1029 1828 1151 1892 Ridere
1180 1828 1330 1917 fingebat

206 1928 372 2001 Erasmus,
397 1949 508 1988 verum
539 1936 647 1988 autem
675 1924 785 2013 magni
815 1924 1042 1989 Clichtoveum
1070 1927 1327 1992 aestimabatur:

205 2049 222 2084 «
245 2023 333 2105 Quin
354 2034 386 2085 et
412 2024 482 2110 ipse
508 2019 719 2087 Clichtoveus
740 2021 858 2086 melius
883 2023 1000 2087 scribit
1020 2024 1130 2103 solito,
1154 2050 1171 2085 »
1201 2026 1239 2089 10
1261 2025 1326 2088 kal.

206 2144 276 2207 apr.
301 2121 386 2184 1527
408 2121 550 2184 dicebat.
575 2121 643 2183 lmo
664 2120 808 2184 Luthero
821 2121 987 2207 jactitanti
1004 2124 1175 2185 Erasmum
1191 2123 1225 2186 in
1242 2123 1328 2186 obli·

203 2221 299 2282 vione
316 2242 569 2306 permansurum
583 2217 652 2282 fore
669 2218 732 2281 nisi
744 2218 785 2281 de
801 2219 874 2306 ipso
891 2219 1092 2284 mentionem
1108 2219 1243 2285 fecisset
1257 2246 1329 2287 res·

205 2314 1328 2405 pondit(lb3li)senonmagisinoblivionemventurumquamillus-

203 2413 343 2477 trissimi
362 2413 524 2500 temporis
539 2413 638 2500 hujus
652 2413 725 2490 viri,
746 2413 833 2477 inter
854 2437 937 2502 quos
956 2413 1153 2504 designabat
1175 2417 1325 2496 Eckium,

205 2512 392 2589 Emserum,
405 2511 618 2588 Cochlaeum,
637 2512 842 2590 Lathomum,
855 2512 1031 2576 Fisherum
1040 2525 1073 2576 et
1084 2513 1324 2578 Clichtoveum.

250 2610 394 2672 Fabrum
416 2633 494 2672 vero
518 2608 731 2672 Clichtoveus
756 2634 924 2698 nunquam
953 2635 1109 2698 expresse
1131 2613 1324 2689 nominavit,

207 2706 305 2769 etiam
322 2730 396 2770 eum
418 2720 606 2770 sanctorum
628 2706 789 2798 imagines
805 2720 838 2771 et
858 2708 994 2787 cultum,
1017 2709 1245 2773 observantias
1261 2723 1326 2774 tra-

207 2804 417 2892 ditionesque
434 2805 591 2869 sustinuit
606 2817 660 2868 aut
677 2829 749 2868 cum
766 2806 1002 2870 translationes
1024 2807 1273 2893 Scripturarum
1293 2809 1326 2871 in

204 2903 333 2993 vulgari
353 2903 510 2967 idiomate
531 2903 731 2991 reprobavit.
754 2907 798 2969 Ut
818 2904 1101 2968 animadvertebat
1123 2905 1225 2984 Beda,
1250 2907 1326 2970 scri·

204 3002 286 3064 bens
302 3001 343 3064 ad
358 3003 501 3066 Fabrum
521 3001 554 3064 in
569 3001 731 3089 Apologia
749 3017 863 3065 contra
880 3004 1100 3066 clandestinos
1117 3003 1325 3068 Latlieranos

204 3099 232 3183 (1
255 3099 318 3163 lev.
344 3101 452 3184 1519),
472 3099 683 3163 Clichtoveus
703 3101 890 3163 nominibus
910 3105 1107 3188 ingratiam
1128 3107 1285 3190 magistri
1296 3117 1327 3166 et

196 3223 261 3286 per
282 3200 474 3262 modestiam
489 3213 697 3286 pepercerat.
724 3199 992 3286 Remittebatque
1013 3198 1102 3262 Beda
1122 3200 1265 3263 Fabrum
1286 3200 1326 3263 ad

203 3320 288 3384 opus
301 3297 349 3359 De
360 3300 569 3359 veneratione
583 3311 792 3359 sanctorum:
813 3324 829 3357 «
843 3298 916 3360 Νο11
933 3309 982 3360 est
994 3321 1077 3385 opus
1092 3297 1172 3361 mihi
1187 3297 1221 3360 in
1238 3298 1327 3361 istud

204 3395 371 3472 seribere;
390 3394 527 3481 respicit
547 3393 633 3457 enim
652 3395 713 3457 SS.
737 3394 1007 3474 Venerationem,
1026 3395 1147 3483 dequo
1168 3409 1262 3482 puto,
1279 3396 1327 3460 vi-

203 3492 305 3570 deris,
320 3493 453 3570 Jacobe,
469 3516 552 3578 quae
568 3491 681 3555 docuit
696 3505 772 3555 tuus
781 3495 972 3579 primojam
988 3507 1018 3556 et
1030 3517 1121 3556 meus
1132 3499 1259 3557 amicas
1274 3497 1326 3558 Ju-

90 3663 93 3668 .
203 3590 306 3653 docus
329 3589 552 3653 Clichtoveus.
576 3589 705 3653 »Beda
730 3590 865 3673 quidem
892 3614 909 3653 a
936 3590 1128 3654 Clichtoveo
1147 3593 1327 3656 vocabatur

204 3715 220 3748 a
244 3687 383 3751 eximius
404 3687 612 3777 insignisque
633 3686 796 3763 doctrina,
815 3687 1015 3775 conspicuus
1031 3688 1102 3751 zelo
1118 3687 1196 3752 fidei
1212 3702 1246 3752 et
1255 3692 1327 3776 jus-

201 3785 295 3848 titiae
313 3785 374 3848 zeli
399 3813 426 3847 ».
450 3786 653 3848 1111001537
677 3785 891 3849 Clichtoveus
918 3799 1072 3874 excerpta
1093 3786 1134 3849 de
1155 3787 1327 3874 Scriptura

207 3886 308 3947 Sacra
328 3884 481 3946 trahebat
498 3908 568 3946 «ex
583 3884 674 3947 Beda
688 3884 877 3948 Venerabili
894 3887 1039 3948 Doctore
1051 3885 1221 3973 Theologo
1233 3886 1327 3949 Pari-

203 3981 304 4044 siensi
318 4007 347 4042 1).
361 3981 450 4045 Beda
462 3994 567 4045 autem
579 3981 612 4044 in
623 4006 679 4045 sua
690 3981 853 4070 Apologia
862 3984 1020 4046 adversas
1032 3984 1253 4047 clandestinos
1263 3985 1326 4046 La·

203 4077 376 4142 theranos2
396 4080 547 4143 dicebat:
573 4107 588 4140 a
608 4079 753 4144 ludoeus
774 4079 986 4144 Clichtoveus
1003 4080 1102 4143 modo
1120 4081 1200 4143 mihi
1220 4105 1326 4169 usque

203 4177 285 4240 adeo
299 4176 404 4240 fidens
425 4190 458 4240 et
474 4176 644 4240 familiaris
664 4190 701 4240 nt
721 4177 805 4241 nihil
826 4179 954 4241 emittet
975 4178 1209 4265 opusculorum
1231 4177 1325 4266 quod

203 4299 269 4338 non
291 4275 382 4362 prius
400 4300 505 4338 meam
527 4274 633 4362 qualis
654 4275 761 4363 qualis
778 4288 827 4338 est
843 4300 1015 4339 censuram
1035 4276 1223 4364 pertulerit.
1245 4302 1261 4337 1)

238 4520 262 4568 1.
284 4516 406 4575 Basileae‚
422 4515 534 4576 Froben,
552 4519 631 4570 1532.

237 4591 261 4640 2.
284 4588 388 4649 Badius,
406 4588 464 4639 Kal.
483 4588 547 4639 lebr⁴
567 4591 644 4648 1530,
662 4588 680 4638 1.
700 4591 761 4641 103.
