3074 5422
793 437 950 498 ..64-

314 571 448 659 provehi
475 571 648 644 deberent,
676 584 871 633 exarescunt
892 595 1030 657 prorsus
1052 585 1084 635 et
1107 574 1140 635 iu
1162 575 1292 638 steriles
1313 576 1438 639 herbas

311 682 491 733 vanescunt
497 718 561 732 .....
586 667 818 731 llissolventur
840 669 973 756 quidem
996 669 1029 733 in
1046 669 1185 757 adjectis
1202 672 1335 736 scholiis
1353 697 1436 737 non·

313 791 479 856 nunquam
501 765 711 854 quaestiones
732 790 792 853 pro
810 767 857 829 rei
880 767 1014 830 nrateria
1032 782 1244 833 occurrentes
1261 794 1297 833 ac
1313 771 1436 862 agitari

312 866 446 956 dignae,
469 878 665 928 nontamen
696 864 794 927 modo
824 865 978 941 barbaro,
1006 865 1131 929 insulso
1152 879 1183 930 et
1213 891 1336 947 crasso,
1367 893 1435 956 quo

314 977 425 1027 nostra
445 976 643 1050 tempestate
664 962 697 1025 in
719 962 905 1049 disciplinis
921 963 1042 1027 moveri
1059 963 1309 1051 conspiciuntur
1324 989 1361 1030 ae
1378 967 1435 1031 de·

313 1062 564 1151 prehenduntur
587 1087 616 1123 o.
1422 1077 1424 1079 '

359 1163 393 1224 ln
413 1161 620 1248 l’raefiuione
634 1159 732 1222 etiam
749 1160 795 1222 od
809 1159 909 1222 libros
921 1159 1056 1224 Etlu'eos
1072 1159 1220 1224 dicebat:
1240 1188 1256 1222 a
1275 1162 1437 1250 Exempla

313 1284 352 1323 ex
363 1258 530 1322 historicis
543 1256 715 1344 desumpta
728 1257 891 1343 interjeei,
906 1257 995 1344 quod
1007 1257 1048 1320 ad
1058 1258 1213 1321 virtutem
1228 1258 1438 1323 inducendos

313 1357 439 1420 animos
455 1378 634 1443 puerorum
651 1353 816 1417 cllieacius
833 1379 930 1442 quam
950 1356 1051 1418 verba
1067 1369 1296 1442 promoveant.
1317 1359 1438 1444 Neque

314 1467 483 1542 poetarum
501 1452 657 1525 earnnna,
682 1451 737 1514 nbi
754 1452 846 1515 locus
868 1450 1085 1540 elllagitabat,
1116 1453 1316 1518 interserere
1336 1478 1437 1541 prae-

312 1552 500 1616 terrnissnm
521 1563 583 1617 est.
607 1550 696 1637 qaod
712 1549 734 1612 ii
760 1550 926 1638 quondam
943 1550 1030 1636 apud
1047 1575 1122 1614 suos
1140 1575 1266 1615 morum
1280 1552 1437 1644 magistri

313 1650 417 1714 babiti
439 1662 526 1712 sunt.
552 1675 568 1708 »
592 1649 634 1712 Ut
655 1648 800 1735 penitius
826 1647 1097 1734 deprehendatur
1116 1649 1342 1740 paedagogica
1364 1674 1438 1714 me-

314 1748 435 1812 tlrodns
447 1747 630 1811 Clielrtorei
652 1747 685 1809 in
702 1746 909 1809 illustrandis
926 1746 1117 1810 Aristotelis
1134 1748 1303 1833 operibuS,
1321 1773 1438 1812 exem-

314 1847 403 1934 plam
431 1858 578 1910 snnmtur
605 1870 645 1908 ex
674 1844 920 1909 Commentario
950 1846 983 1906 in
1008 1846 1307 1910 Introduc-tionibus
1333 1845 1436 1909 Fabri

316 1948 408 2032 Stap.
431 1943 478 2007 ad
491 1945 626 2006 Etlriren
643 1968 671 2006 r.
691 1968 722 2033 g.
744 1944 791 2005 De
809 1944 999 2006 liutadine.
1017 1943 1076 2005 llic
1092 1955 1260 2028 ponuntur
1277 1944 1309 2006 1⁰
1322 1956 1438 2008 textus

314 2042 501 2107 Aristotelis
518 2042 558 2104 de.
575 2041 696 2105 rirtate
713 2042 949 2117 Fortitudinis,·
966 2041 999 2103 2⁰
1014 2041 1292 2104 Commentarium
1311 2042 1435 2120 Fabri;

315 2146 348 2205 3⁰
372 2141 591 2224 Quaestiones
614 2163 713 2227 snper
740 2151 831 2202 textu
858 2151 890 2202 et
916 2138 1181 2215 Commentario;
1205 2139 1237 2201 40
1260 2139 1439 2203 Elementa

315 2240 567 2327 responsionum
588 2237 628 2302 ad
649 2239 708 2301 lias
723 2238 936 2326 quaestiones
957 2237 1090 2314 breria3
1114 2239 1147 2300 5⁰
1162 2238 1342 2326 Praecepta
1362 2262 1440 2301 mo·

314 2336 394 2401 ralia
415 2337 455 2400 ad
477 2335 705 2399 lortitmlinem
722 2335 918 2411 attinentia;
935 2336 966 2397 6⁰
983 2333 1230 2421 Responsiones
1251 2334 1439 2423 longiores,

309 2438 401 2521 juxta
423 2434 585 2498 elementa
603 2433 804 2520 snpradieta.
828 2433 868 2496 ad
889 2433 1114 2520 quaestiones,
1133 2444 1165 2495 et
1180 2445 1440 2519 praeceptorum

313 2533 573 2620 explanationes.
604 2533 643 2594 Et
672 2532 783 2595 taliter
812 2556 846 2593 se
875 2531 997 2593 babent
1024 2529 1091 2594 lere
1117 2529 1226 2593 omnia
1247 2529 1438 2594 Cliohtovei

313 2631 548 2695 eornmentaria
570 2631 602 2692 in
627 2630 922 2692 latraductionibus
942 2628 1041 2691 Fabri
1058 2652 1159 2714 super
1183 2652 1282 2715 opera
1301 2626 1438 2692 Aristo-

314 2729 401 2795 telis.
417 2728 673 2792 Cornmentariis
690 2741 798 2791 antem
821 2727 919 2790 Fabri
941 2727 974 2789 in
995 2727 1172 2792 Doctores.
1194 2750 1224 2788 v.
1246 2750 1280 2814 g.
1296 2727 1437 2789 Damas·

313 2849 430 2891 cenum
455 2839 485 2889 et
520 2826 714 2913 lhurrysbaua
745 2825 871 2888 scholia
899 2838 1028 2887 tantum
1061 2823 1190 2887 addidit
1218 2823 1437 2888 Cliohtoveus

314 2938 438 2988 textam
460 2923 555 2987 aliter
576 2937 606 2986 et
625 2923 728 2987 l'nsins
744 2923 968 3011 explanantis.

358 3024 425 3088 Nee
454 3022 551 3085 satis:
581 3022 827 3110 philosophiam
852 3020 1087 3084 aristotelicam
1112 3020 1277 3106 platonica
1303 3031 1439 3106 tempe-

315 3121 419 3187 rabat.
442 3133 475 3184 nt
493 3120 535 3184 ait
554 3120 643 3183 llier.
667 3120 860 3208 l‘apicnsis:
879 3150 896 3180 a
915 3122 998 3182 Cum
1019 3119 1046 3181 is
1066 3118 1239 3182 Aristoteli
1251 3117 1438 3205 plurimum

314 3217 430 3285 lineat.
448 3218 480 3282 in
502 3218 625 3281 nnllins
642 3231 751 3282 tamen
764 3221 894 3304 jnratns
909 3218 1009 3280 rerba
1031 3217 1191 3305 magistri,
1213 3217 1258 3279 ita
1274 3215 1440 3279 miscebat

314 3316 481 3381 interdino
497 3315 663 3404 platonica
679 3315 841 3404 qrnredam
855 3340 928 3379 eom
944 3315 1170 3402 peripateticis
1186 3327 1220 3377 ut
1236 3314 1304 3377 suis
1319 3337 1439 3400 quem·

314 3439 379 3502 qne
395 3415 540 3502 propriis
555 3414 642 3478 lraud
659 3413 870 3478 detiandaret
888 3412 1053 3476 laudibus.
1079 3440 1095 3471 o

359 3518 570 3600 Quaprtqiter
598 3513 744 3576 orrminrn
773 3512 891 3600 plausu
925 3524 1081 3598 acceptae
1108 3522 1185 3574 suut
1214 3511 1296 3573 istae
1324 3511 1437 3574 Intro-

313 3612 481 3675 daetioaea
510 3635 583 3673 cnm
610 3610 758 3677 scholiis.
792 3623 822 3673 et
853 3610 1010 3700 Fribnrgi
1039 3609 1224 3700 Brisgoiae,
1256 3609 1436 3672 Cracoviae

314 3710 356 3773 ab
378 3709 520 3773 lleririeo
543 3712 694 3771 Stronrer
717 3709 964 3771 lnerlmehensi
984 3721 1016 3771 et
1037 3710 1141 3796 Greg.
1164 3705 1377 3783 Stanischin,
1400 3707 1436 3769 in

316 3810 481 3871 boemo
501 3832 517 3870 a
538 3809 567 3870 J.
590 3807 758 3872 (bresorio,
783 3831 857 3870 enm
878 3805 1032 3869 laudibus
1052 3805 1160 3868 editae
1180 3816 1269 3868 suut.
1291 3804 1374 3866 ltem
1400 3805 1436 3868 in

315 3906 492 3971 Germania
511 3905 690 3970 lllienaons
707 3906 795 3992 ipsas
810 3905 916 3967 stratico
932 3902 1204 3969 eornmendahat:
1225 3900 1332 3965 cidem
1347 3902 1438 3965 Rhe·

316 4029 402 4067 naao
419 4004 553 4068 mittens
565 4004 854 4091 llnmrnelbergins
866 4003 966 4066 Fabri
981 4000 1149 4089 quoddam
1165 4025 1262 4087 opus,
1279 4000 1439 4090 Logicam

315 4103 450 4191 aidiqaa
482 4103 635 4166 barlmrie
667 4114 839 4191 piirgatarn
872 4100 1068 4164 scribebat¹.
1104 4101 1283 4162 Rhenanus
1312 4097 1439 4160 iterum

318 4200 515 4265 lteneltlinio
529 4200 659 4264 dicelot
675 4225 734 4288 per
755 4200 900 4262 fabrum
921 4198 1170 4286 peripateticam
1189 4195 1439 4283 philosophiam

316 4300 472 4363 tirrinibns
501 4300 646 4387 persiam
677 4298 794 4362 tactam
825 4298 947 4361 titisse:
981 4295 1198 4360 Reuchlinius
1223 4294 1296 4381 ipse
1324 4293 1439 4356 excla-

316 4398 446 4462 mabat:
466 4396 764 4484 l‘hilosophissime
784 4396 903 4459 Faber.
923 4396 1037 4482 ltaque
1053 4395 1087 4457 iu
1106 4392 1284 4459 Germania
1298 4390 1438 4480 quidam

356 4614 375 4665 l.
401 4611 423 4661 Β
451 4609 614 4663 ntentans,
633 4609 769 4661 lloranits.
788 4609 881 4679 iapnl
911 4610 986 4661 tant
1005 4610 1036 4660 15
1050 4624 1111 4658 nos.
1128 4608 1205 4660 1509.
