3074 5422
753 449 793 458 -
818 413 873 475 150
897 448 931 458 -

279 549 370 602 Cum
391 550 423 602 Χ.
483 549 520 601 De
535 549 629 620 triplici
643 548 772 599 connubio
788 547 814 600 S.
832 548 922 599 ,40000
938 554 963 598 01
978 547 1009 598 (10
1029 547 1129 598 duobus
1145 547 1276 599 versiculis
1287 548 1314 599 in
1347 530 1350 534 ¹

527 627 726 681 Elucidotorio
740 629 880 698 suppressis
894 628 1077 679 controversia.
1107 669 1111 678 .
1153 630 1312 680 1517-1519
1372 629 1405 680 31

278 736 370 789 Carur
390 736 436 789 xl.
479 736 645 788 Clichtoveus
667 735 692 786 in
715 734 803 803 Belgio
822 735 850 787 L.
874 733 1039 785 Guillardnm
1059 735 1198 786 comitatur
1215 742 1240 786 01
1257 753 1317 785 cum

534 817 589 886 ipso
603 834 692 866 mrsus
706 816 732 866 in
747 814 883 883 collegium
899 814 1024 866 Navarrae
1039 814 1115 867 redit.
1148 816 1315 868 1518-15‘21.
1374 815 1408 866 35

279 923 371 976 Carus
391 924 449 977 xll.
486 923 653 975 Clichtovcus
667 923 807 974 sentcntiae
824 928 912 974 contra
930 922 1074 974 liutherum
1088 941 1103 973 a
1120 921 1236 973 Sorbona
1253 940 1316 992 pro-

532 1001 864 1056 latacstreuueadlaborat.
900 1043 905 1052 .
948 1043 952 1053 .
995 1042 1000 1052 .
1042 1043 1046 1053 .
1088 1002 1315 1072 15aprilisl521.
1373 1005 1407 1055 37

279 1110 372 1163 Carus
392 1111 465 1163 Xlll.
486 1111 659 1167 Clichtoveus,
677 1109 788 1166 Parisiis.
805 1109 1027 1161 Reformatiouem
1044 1109 1219 1160 Lutherauam
1229 1128 1317 1161 eoram

531 1190 662 1242 Facultatc
675 1189 829 1259 Theologica
843 1197 869 1241 et
883 1190 910 1240 iu
925 1189 997 1240 libris
1012 1189 1165 1259 impugnare
1176 1190 1269 1260 pergit.

708 1304 710 1309 ·
1153 1271 1315 1324 1521-1526.
1375 1273 1407 1322 41

280 1378 372 1431 Carus
393 1377 462 1430 XIV.
485 1377 657 1430 Clichtoveus.
669 1377 776 1429 Camoti
785 1385 811 1429 ct
825 1377 851 1428 in
864 1377 982 1429 Concilio
993 1375 1147 1429 Senonensis
1159 1377 1315 1447 provinciae,

528 1457 1134 1527 controversiamprosequiturantiluthcranam.
1153 1458 1315 1511 1526-1528.
1375 1458 1408 1508 44

279 1565 372 1617 (11001
392 1563 449 1616 XV.
485 1564 659 1623 Clichtoveus,
681 1562 797 1623 Cuncti,
816 1563 979 1632 Theologalis
1000 1563 1173 1633 praebendam
1192 1571 1218 1616 et
1233 1563 1318 1615 officia

534 1651 641 1714 occupat
645 1684 1107 1697 ...........
1148 1645 1314 1697 1528-1543.
1375 1646 1407 1698 46

280 1751 373 1804 Cicer
395 1751 464 1805 xvi.
486 1752 658 1812 Clichtovous,
669 1751 785 1808 Carnoti,
796 1751 1319 1821 laudationesdiversastestamentumque

528 1852 605 1885 suum
619 1833 720 1885 ordinat
735 1833 822 1903 ibique
838 1833 971 1884 moritur..
1013 1873 1017 1882 .
1062 1873 1066 1883 .
1107 1835 1216 1903 22sept.
1235 1834 1314 1886 1543.
1375 1834 1408 1884 49

678 2142 785 2204 PARS
808 2143 1016 2204 SECUNDA.

643 2371 678 2408 DE
700 2370 840 2409 ornamus
862 2370 1048 2409 cucurovm.

282 2593 374 2646 Carus
395 2593 414 2644 l.
489 2591 668 2657 Quemlocum
678 2592 706 2642 in
720 2591 904 2642 restauratione
916 2591 1060 2643 litterarum
1075 2599 1100 2643 et
1115 2592 1318 2662 theologicarum

532 2672 696 2723 scientiarum
712 2671 823 2723 vindicet
835 2670 999 2723 Clichtoveus
1011 2671 1022 2722 ?
1026 2713 1315 2724 .......
1376 2676 1411 2726 53

282 2781 375 2833 Carus
395 2780 428 2832 ll.
488 2779 653 2831 Glichtoveus
671 2779 761 2830 studiis
775 2779 842 2830 lavet
856 2779 1091 2847 grammaticalibus
1112 2780 1241 2850 simulque
1256 2799 1318 2850 pro-

533 2878 587 2910 sam
601 2867 627 2911 et
641 2859 738 2929 poesim
751 2858 844 2910 excolit
847 2900 1316 2913 ...........
1375 2863 1412 2916 56

281 2967 373 3019 Carus
393 2967 439 3019 Ill.
486 2966 651 3018 Clichtoveus
670 2965 837 3017 aristotelicae
857 2965 1034 3036 philosophiae
1049 2967 1242 3019 renovationem
1258 2986 1319 3019 cum

532 3047 556 3099 J.
575 3046 658 3097 Fabro
672 3045 817 3116 Stapulensi
832 3053 978 3115 promovet.
1026 3087 1317 3100 .......
1375 3051 1411 3100 62

280 3154 373 3206 (110οτ
393 3152 438 3203 IV.
485 3152 649 3205 Clichtoveus
671 3152 836 3223 physicarum
858 3153 1022 3203 scientiarum
1046 3153 1214 3205 instaurando
1233 3153 1318 3206 studio

537 3233 636 3284 laborat
641 3273 1317 3293 ...............
1375 3239 1412 3290 66

281 3341 374 3393 Carus
395 3340 426 3393 V.
487 3339 652 3392 Clichtoveus
663 3339 695 3390 ad
710 3340 822 3390 sinceros
830 3340 913 3390 sontes
923 3339 1156 3410 humanioremque
1166 3341 1320 3393 methodum

535 3420 690 3472 scolasticam
704 3419 871 3488 Tbeologiam
887 3427 988 3471 revocat
991 3461 1317 3473 ........
1375 3425 1412 3474 68

281 3528 373 3580 Carus
393 3527 438 3578 Vl.
487 3526 651 3578 Clichtoveus
669 3545 730 3597 prae
746 3525 880 3578 Scolastica
891 3545 905 3577 0
918 3526 1037 3578 Patribus
1047 3535 1073 3580 et
1086 3527 1218 3599 Scriptura
1226 3528 1319 3581 deduc·

534 3614 584 3658 tam
601 3606 769 3676 Theologiam
785 3607 853 3658 levet
860 3647 1317 3663 ...........
1376 3614 1411 3664 71

282 3713 374 3766 (110οτ
394 3712 452 3766 Vll.
488 3712 653 3765 Clichtoveus
667 3720 751 3765 textus
764 3732 847 3765 sacros
862 3721 888 3765 et
897 3714 1029 3783 liturgicos
1043 3716 1144 3768 criticae
1157 3716 1252 3785 regulis
1264 3716 1321 3768 sub·

530 3794 588 3864 jicit
592 3833 1318 3851 ................
1377 3799 1413 3850 74

281 3901 374 3953 Carus
394 3900 464 3952 Vlll.
487 3900 652 3952 Clichtoveus
668 3901 796 3952 Historiae
811 3900 925 3951 studium
938 3901 1025 3953 laudat
1030 3942 1319 3955 .......
1377 3907 1413 3957 78

281 4008 373 4060 Carus
392 4007 439 4060 lx.
485 4007 650 4060 Glichtoveus
672 4007 868 4077 praedicationis
889 4009 1001 4059 sormam
1021 4009 1073 4060 suis
1092 4009 1255 4061 sermonibus
1278 4029 1320 4061 re-

535 4095 612 4139 novat
617 4128 1321 4141 ................
1378 4093 1414 4143 80

282 4193 374 4247 Canus
395 4195 427 4248 Χ.
486 4195 651 4246 Clichtoveus
664 4195 862 4250 monachorum.
875 4196 1096 4265 presbyterorum,
1108 4197 1235 4248 nobilium
1247 4197 1321 4267 prin-

535 4276 675 4346 cipumque
685 4276 864 4327 reformationi
877 4276 995 4345 indulget
1000 4316 1319 4330 ........
1378 4279 1414 4330 83

281 4380 373 4433 Canus
393 4382 439 4434 xl.
486 4381 1322 4453 QuomodoClichtoveusmultiplicescasusparticularcssolvat?
1377 4386 1412 4437 87

283 4487 375 4540 Carus
398 4487 456 4542 llll.
489 4488 607 4554 Qualiter
626 4491 741 4542 Luthero
761 4489 926 4541 Clichtoveus
949 4490 975 4541 in
994 4491 1070 4542 sacris
1091 4491 1258 4543 concionibus
1273 4491 1320 4543 ad-

530 4576 644 4624 versetur
656 4570 666 4620 ?
670 4608 1312 4623 ...............
1370 4573 1405 4624 89
