3074 5422
792 426 952 486 ‚55-

315 566 566 625 Astronomiron
595 587 633 624 ex
662 561 843 637 l‘tolemco,
876 562 943 623 sire
971 561 1060 623 aliud
1090 563 1369 625 Introductorium
1394 563 1434 625 ad

314 660 565 724 Arithmeticam
583 684 622 721 ex
635 659 764 734 Boetio,
781 671 813 721 et
830 659 965 745 insuper
976 658 1274 742 Bitbmymaclriam
1289 659 1432 723 edendo.

314 759 366 822 Ad
395 760 489 846 cujus
520 758 623 820 instar
653 757 751 819 nrulta
781 756 928 819 Bovillus
955 755 995 819 dc
1026 757 1226 833 Geometria,
1260 756 1365 822 Rufus
1395 757 1435 822 de

314 857 422 921 Boetii
433 855 663 932 Arithmetica,
682 854 895 918 Clichtoveus
907 878 1038 941 quoque
1050 854 1091 916 dc
1108 867 1259 943 utraque,
1278 856 1311 919 in
1329 855 1435 919 lucem

315 955 466 1018 emisere.

360 1055 419 1116 llic
440 1051 529 1115 enim
545 1051 793 1114 mathematicas
809 1050 964 1114 scientias
980 1049 1021 1112 ad
1037 1061 1185 1113 coeteras
1201 1051 1433 1138 acquirendas,

314 1164 391 1239 post
419 1150 653 1237 Pythagoram,
679 1149 864 1225 Platonem,
891 1149 1047 1224 Fabrum,
1080 1147 1309 1236 Bovillumque
1331 1150 1435 1214 utilis·

316 1250 415 1313 simas
436 1248 628 1334 reputabat:
653 1273 668 1307 ι(
688 1247 745 1309 llis
762 1246 936 1334 neglectis,
959 1245 1078 1322 aiebat,
1097 1247 1204 1309 omnis
1221 1270 1299 1310 sanc
1316 1247 1436 1311 obscu-

316 1361 407 1411 ratur
439 1344 627 1432 disciplina,
661 1344 737 1432 quia
767 1343 963 1430 disciplinae
997 1368 1112 1407 omnes
1141 1343 1289 1432 reliquae
1325 1369 1436 1409 earum

315 1458 414 1533 egent
434 1442 615 1532 praesidia,
633 1441 721 1505 haud
738 1442 846 1505 minus
862 1466 959 1529 quam
976 1442 1209 1529 grammaticae
1223 1456 1279 1506 aut
1294 1443 1434 1531 logicae.

359 1545 432 1608 Non
454 1541 541 1605 enim
563 1540 596 1602 in
619 1540 759 1603 naturali
779 1539 1003 1626 philosophia,
1026 1551 1150 1603 rectam
1171 1540 1436 1629 magnitudinum

315 1653 509 1729 assequetur
529 1638 784 1726 intelligentiam
806 1637 862 1725 qui
883 1638 1084 1725 geometriae
1106 1637 1203 1701 luerit
1222 1663 1354 1726 expers,
1377 1664 1437 1703 nec

315 1738 550 1827 proportiones
575 1736 705 1799 virtutis
732 1736 871 1798 motivae
897 1735 937 1798 ad
963 1735 1085 1799 mobile
1111 1736 1208 1823 plene
1237 1738 1347 1825 capiet
1380 1739 1437 1825 qui

316 1835 544 1900 arithmeticae
565 1835 608 1896 sit
624 1833 769 1922 ignarus.

361 1937 397 1998 ln
419 1932 534 1996 morali
551 1945 660 1995 autem
677 1931 900 2019 philosophia,
919 1931 960 1994 de
977 1932 1105 2018 justitia
1127 1933 1351 1997 communium
1370 1933 1438 1996 dis-

315 2033 472 2097 tributiva
486 2031 827 2118 commerciorumque
845 2030 1074 2093 commutativa
1092 2031 1167 2117 quis
1183 2043 1258 2117 apte
1279 2030 1437 2108 disseret,

318 2130 558 2194 arithmeticam
579 2128 789 2191 medietatem
806 2140 839 2190 et
848 2127 1083 2216 geometricam
1096 2152 1163 2191 non
1174 2141 1287 2192 exacte
1307 2129 1438 2216 percal-

316 2229 399 2292 lens.

359 2325 513 2413 Denique
536 2325 577 2388 ad
606 2324 714 2387 divina
742 2323 939 2414 assurgendi
966 2326 1138 2413 praeclusa
1158 2337 1208 2389 est
1233 2325 1386 2403 facultas,
1412 2325 1439 2388 si

316 2423 621 2488 mathematicarum
647 2422 899 2510 disciplinarum
925 2422 1011 2486 desit
1036 2423 1250 2511 praesidium,
1278 2448 1364 2511 quae
1389 2423 1440 2486 vel

315 2522 491 2586 maximum
514 2522 675 2609 praebent
703 2520 889 2583 divinorum
922 2521 1230 2610 cognoscendorum
1251 2521 1440 2585 adminicu-

317 2620 394 2684 lum.
415 2621 497 2682 llinc
515 2618 734 2706 philosophus
751 2619 783 2680 in
801 2618 918 2708 logicis
938 2632 970 2682 ct
986 2619 1135 2706 physicis
1151 2620 1282 2706 saepius
1303 2619 1441 2683 adducit

316 2718 465 2804 exempla
487 2717 729 2793 mathematica,
759 2740 859 2804 quum
888 2716 1137 2780 adolescentum
1160 2717 1287 2780 animos
1310 2719 1441 2780 mathe-

317 2815 445 2880 maticis
455 2814 641 2901 disciplinis
651 2839 723 2877 esse
735 2814 905 2877 institutos
917 2828 1094 2901 supponat,
1105 2828 1281 2902 antequam
1294 2815 1440 2906 logicam

317 2927 372 2978 aut
388 2913 570 2976 naturalem
592 2911 839 3000 philosophiam
860 2912 1126 3002 aggrediantur¹.
1147 2938 1163 2973 n

362 3013 443 3076 Cum
464 3010 545 3074 haec
566 3011 607 3074 de
628 3009 776 3074 scientiis
798 3010 1038 3075 mathematicis
1063 3011 1202 3074 sentiret
1225 3009 1441 3074 Clichtoveus

317 3133 383 3173 non
399 3108 597 3199 dedignatus
618 3120 668 3171 cst
688 3108 781 3195 plura
802 3107 843 3171 de
864 3108 912 3170 eis
932 3108 1076 3171 condere
1089 3132 1203 3195 opera.
1222 3111 1290 3172 Nec
1310 3120 1441 3171 tantum

318 3207 417 3271 Fabri
448 3208 707 3270 Introrlmtiones
741 3207 773 3268 in
804 3206 1023 3269 Arithmetiea
1044 3211 1081 3268 ‘et
1117 3204 1329 3269 Astronomia
1354 3230 1441 3269 com·

318 3317 484 3368 mentatus
500 3317 562 3379 est,
585 3317 640 3367 aut
650 3303 826 3391 quemdam
839 3303 986 3366 Abacum
1000 3303 1145 3367 auctoris
1157 3303 1277 3366 incerti
1286 3302 1318 3365 in
1332 3303 1440 3368 lucem

318 3403 439 3478 emisit,
463 3401 634 3464 sedetiam
657 3402 727 3488 ipsc
747 3401 859 3464 Artem
882 3425 939 3464 seu
963 3404 1102 3465 Praxim
1131 3403 1335 3465 nermerandi
1353 3425 1441 3464 com·

318 3500 441 3588 posuit,
455 3501 548 3586 cujus
565 3500 656 3586 prior
672 3522 761 3585 pars.
779 3500 976 3585 Suppumtio
994 3500 1152 3586 figuralis
1171 3498 1270 3576 dicta,
1288 3522 1440 3563 numera·

317 3598 441 3661 tionem
473 3609 505 3659 ct
533 3597 768 3660 calculationes
797 3621 855 3684 per
879 3595 1033 3673 calculos,
1063 3609 1099 3660 ut
1126 3598 1159 3658 in
1181 3597 1286 3660 reteri
1311 3596 1437 3674 Abaco‚

318 3696 420 3758 altera
436 3719 525 3765 vcro,
547 3696 744 3782 Srqpmtutr'o
763 3695 922 3781 figuralis
941 3707 1067 3770 vocata,
1092 3694 1226 3757 easdem
1247 3693 1439 3758 calculatio-

320 3816 377 3855 nes
417 3817 476 3880 per
511 3816 664 3855 muneros
702 3791 853 3854 arabicos
887 3791 1009 3854 docet:
1045 3816 1130 3880 quos
1165 3792 1438 3879 supputationum

320 3889 446 3959 modos,
472 3890 628 3953 brevibus
645 3888 827 3977 nitidisque
849 3889 975 3979 regulis
996 3903 1028 3953 et
1044 3889 1206 3976 exemplis
1226 3889 1439 3978 potiusquam

318 3980 660 4051 demonstrationibus
686 3987 840 4051 illustrat.
867 3988 1004 4074 llespnit
1034 3988 1111 4051 item
1132 4000 1280 4051 veterum
1306 3986 1440 4051 inintel-

321 4085 465 4174 ligibiles
487 4084 788 4148 demonstrationes
810 4085 842 4147 in
859 4085 927 4148 suis
943 4085 1204 4148 commentariis.
1229 4084 1360 4149 Relicto
1381 4086 1441 4149 de-

321 4183 596 4246 monstratiomnu
618 4182 766 4271 pondere
789 4183 932 4245 litteram
958 4183 1062 4268 ipsam
1087 4182 1269 4270 exemplari
1291 4181 1442 4246 declara-

320 4280 410 4344 tione
441 4281 595 4369 patelircit
625 4293 656 4343 rt
682 4280 906 4368 ligumbilium
940 4279 1203 4367 descriptionum
1231 4280 1443 4366 subJectione

319 4402 389 4441 cam
424 4402 557 4467 quoquo
596 4390 693 4465 pamo
727 4377 837 4441 reddit
871 4378 1083 4465 apertiorem,
1119 4377 1369 4466 praetermisso,
1407 4392 1445 4444 ut

359 4592 380 4643 l.
405 4588 533 4663 h'pitome
548 4586 761 4641 Arithmrticae.
779 4590 859 4647 1503,
873 4588 897 4638 l⁰
911 4590 937 4641 3.
