3074 5422
583 1044 947 1128 TESTAMENT

326 1363 440 1427 AC'l'E
466 1363 523 1425 DE
549 1347 828 1428 DELIVRANCE
854 1364 912 1427 DU
939 1362 1204 1428 TESTAMEN'l'

342 1843 382 1901 N⁰
403 1845 465 1906 28.
490 1877 524 1888 -
547 1841 740 1903 Fondations
761 1841 802 1902 da
825 1854 886 1902 xv1⁶
906 1841 1011 1903 siecle.
1037 1839 1126 1903 Cotte
1145 1840 1186 1901 E.

646 1959 740 2029 (Arch.
757 1959 881 2030 deputa).

244 2151 424 2208 Testament
448 2147 485 2206 de
510 2146 555 2207 M.
581 2147 668 2207 lesse
694 2147 844 2221 Clictolie,
874 2145 1024 2206 chanoine
1052 2154 1083 2206 et
1107 2141 1263 2222 theolegal
1285 2143 1323 2204 de

206 2239 323 2318 l'eglise
339 2237 378 2295 de
390 2236 546 2310 Charta-es
565 2236 691 2295 inhume'
707 2257 745 2296 au
761 2233 865 2295 milieu
876 2234 917 2294 du
928 2234 1037 2294 chaeur
1047 2233 1084 2294 de
1100 2230 1321 2306 Salat-Andre,

206 2351 261 2409 par
283 2325 384 2407 lequel
408 2325 430 2384 il
454 2326 556 2384 donne
578 2332 609 2385 et
636 2325 724 2405 legue
748 2327 764 2385 b
796 2323 924 2385 l’oeuvrc
950 2323 1049 2383 N.-l).
1075 2322 1170 2382 douae
1194 2321 1324 2402 septicrs

206 2419 338 2477 deterre
356 2413 545 2481 labeurable,
568 2435 643 2474 avec
659 2435 717 2474 une
732 2413 830 2495 partie
850 2414 888 2473 de
910 2413 1027 2473 maison
1049 2419 1079 2472 et
1098 2410 1202 2492 jardin
1216 2411 1292 2470 assis
1307 2413 1324 2472 t

206 2506 365 2584 Chaunay,
380 2504 516 2584 paroisse
528 2503 566 2562 de
582 2503 917 2584 Fontenay-sur-Eure,
935 2509 966 2562 et
981 2523 1015 2562 ce
1030 2521 1109 2582 pour
1123 2500 1151 2560 la
1164 2499 1324 2560 lendatien

206 2595 242 2654 de
257 2595 296 2653 24
311 2615 425 2652 messes
441 2594 544 2652 bassos
559 2613 614 2673 par
629 2614 666 2651 an
681 2591 836 2652 eelc'brees
851 2594 867 2652 a
883 2590 910 2650 la
930 2590 1068 2672 chapelle
1083 2589 1121 2650 de
1143 2589 1325 2649 Saint-Lau·

206 2693 293 2743 rent:
321 2683 391 2763 plus
407 2682 509 2742 donne
527 2691 557 2741 et
573 2680 662 2759 legue
685 2680 772 2740 audit
787 2680 935 2761 Chapitre
958 2683 1047 2751 l,100
1061 2679 1115 2739 liv.
1132 2681 1148 2739 a
1171 2676 1324 2759 plusieurs

207 2773 273 2840 soie,
295 2772 419 2831 suivant
434 2792 474 2830 un
489 2772 553 2830 etat
567 2770 689 2850 ci-jeint
703 2771 856 2830 esannees
874 2771 959 2837 1529,
975 2769 1051 2828 1530
1061 2775 1093 2828 et
1106 2768 1192 2841 1532,
1205 2787 1284 2847 pour
1295 2766 1323 2827 la

207 2862 366 2921 fondation
382 2860 420 2919 de
435 2861 546 2919 l'office
560 2858 674 2918 double
689 2859 727 2918 de
743 2859 840 2918 sainte
854 2855 968 2918 Cecile.

889 2992 931 3044 Du
948 2995 979 3046 17
996 2992 1139 3064 septembre
1155 2992 1232 3045 1543.

951 3381 983 3431 17
999 3378 1143 3449 septembre
1158 3378 1237 3430 1543.

555 3560 765 3598 TESTAMENTUM
787 3559 973 3599 calcitrovm.

245 3729 406 3788 Universis
429 3735 588 3808 presentes
608 3726 727 3787 litteras
750 3727 936 3807 inspecturis
957 3727 1104 3787 Officialis
1126 3726 1326 3786 Carnetensis

204 3818 334 3877 salutem
351 3818 381 3876 in
397 3817 540 3876 Domino.
562 3817 676 3875 Notum
694 3817 821 3876 sacimas
835 3817 918 3897 quod
935 3817 964 3876 ia
982 3816 1086 3876 dilecti
1098 3824 1129 3875 et
1144 3815 1243 3875 fidelis
1254 3836 1325 3874 nos-

204 3909 243 3966 tri
263 3908 413 3966 lobannis
429 3906 554 3965 Godard
575 3904 677 3965 elerici
701 3906 786 3965 curio
806 3913 911 3965 nostre
931 3906 1042 3966 notarii
1059 3913 1089 3965 ot
1107 3905 1217 3986 pratici
1231 3904 1326 3986 jurati

202 4017 238 4056 ac
254 3997 380 4056 testium
403 3996 482 4054 infra
505 3996 690 4075 scriptorum
719 3995 883 4075 presentia,
911 3993 1113 4076 personaliter
1138 3995 1326 4054 constitutus

202 4084 388 4144 venerabilis
404 4094 435 4144 et
446 4084 598 4145 discretus
610 4085 659 4142 vir
670 4084 820 4161 Magister
829 4084 968 4144 Judoeus
984 4083 1146 4144 Clichtoue
1160 4083 1323 4165 presbiter,

203 4175 233 4233 in
250 4176 342 4233 Sacra
364 4174 532 4250 Theologia
550 4175 668 4233 lloeter
688 4194 806 4232 necnon
823 4173 952 4250 insignis
970 4173 1106 4234 Ecclesia
1127 4173 1326 4234 Carnetensis

204 4264 382 4335 canonicae,
400 4285 473 4341 eger
484 4284 625 4343 corpere,
644 4284 736 4322 sanus
756 4270 857 4322 tamon
876 4271 989 4335 mente,
1005 4284 1040 4323 ac
1055 4263 1085 4321 in
1102 4262 1182 4322 bena
1197 4284 1251 4344 per
1268 4263 1326 4323 Dei

206 4353 334 4431 gratiam
358 4352 492 4411 existens
511 4352 669 4424 momoria,
692 4351 855 4411 attendens
874 4359 904 4412 et
926 4351 1124 4412 considerans
1146 4352 1230 4432 quod
1251 4352 1325 4412 nihil

206 4450 251 4500 est
270 4442 385 4501 certius
400 4449 509 4513 morte,
535 4440 610 4499 nihil
636 4461 709 4500 vere
726 4440 874 4500 incertius
894 4439 962 4519 ejus
977 4441 1062 4516 hora,
1090 4441 1221 4521 cupidus
1236 4441 1327 4502 saluti

207 4531 305 4592 anime
321 4552 375 4589 sue
392 4531 555 4612 previdere
570 4538 600 4590 et
615 4530 652 4589 ad
669 4529 777 4608 gaudia
794 4538 898 4589 eterne
912 4530 1067 4590 solicitatis
1078 4530 1249 4611 pervenire,
1266 4539 1326 4591 tee-
