3074 5422
694 410 851 470 -30-

213 544 313 607 uibus
326 545 447 632 quibus
467 568 559 606 suam
573 543 765 630 opIniouem
783 547 890 608 Faber
908 547 1044 609 alteram
1061 547 1205 613 fecerat:
1229 576 1245 608 ι(
1271 551 1337 613 Ve-

209 667 293 706 rum.
334 667 409 705 cum
438 644 506 726 jum
544 665 603 728 per
635 641 796 704 lodocum
837 643 991 730 intelligo
1031 644 1123 707 illum
1163 669 1229 707 nou
1264 659 1336 711 tres

211 740 426 828 ¹blagdulenas
458 738 517 801 sed
555 753 623 801 tres
657 737 804 802 diversas
838 741 976 804 seminas
1008 742 1179 829 opinatum
1214 742 1333 821 fuisse,

210 863 348 927 <pianum
361 851 547 925 postremae
567 836 650 898 <luae
670 837 759 899 solae
776 838 992 925 Magdalenae
1008 852 1216 913 vocarentur,
1236 843 1336 905 nobis

211 950 303 999 tanto
330 936 438 998 atinus
472 934 600 997 loturus
629 947 679 997 est
706 935 816 998 labor:
844 961 917 998 uam
945 952 1059 1001 contra
1088 938 1168 1000 duas
1200 938 1332 1003 facilius

210 1036 272 1098 erit
291 1034 433 1097 militare
452 1056 551 1121 quarm
572 1032 728 1094 adversus
744 1046 825 1096 tres.
851 1062 867 1094 »

257 1131 404 1199 bolla-usi
426 1131 584 1218 episcopo
604 1130 772 1192 victoriam
797 1133 987 1219 assignabat
1012 1136 1180 1209 ErasmuS,
1210 1134 1336 1222 resque

211 1231 302 1295 linita
322 1228 508 1296 ridebatur.
530 1253 631 1315 quum
648 1228 738 1291 Beda
759 1229 807 1292 liti
825 1254 858 1292 sc
876 1231 1068 1297 immiscuit.
1094 1234 1224 1295 Etenim
1242 1235 1337 1320 apud

211 1328 350 1395 ltaliam
376 1326 435 1389 luit
455 1325 585 1416 vulgata
607 1327 671 1411 (2³:3²
695 1330 803 1411 nov.):
826 1328 1037 1393 Scholastica
1058 1330 1242 1394 declaratio
1263 1356 1338 1394 sen·

209 1432 331 1490 lentior
345 1441 376 1488 et
394 1429 478 1487 ritem
500 1425 643 1487 ecclesie
664 1426 705 1486 (lc
725 1430 821 1487 unico
847 1426 1062 1514 llugcloleno,
1090 1451 1154 1514 per
1174 1430 1334 1493 Natalem

211 1525 330 1591 dedum
342 1525 445 1586 studii
455 1522 707 1600 Purrlo'siensis,
722 1523 851 1586 Arbion
864 1540 894 1586 el
913 1526 940 1587 T
937 1525 1106 1614 lecologioe
1119 1529 1332 1614 :llogistrum,

209 1639 324 1690 como
351 1623 587 1709 ,llugistrorum
617 1622 689 1682 Juc.
721 1622 826 1683 Fabri
849 1638 879 1685 et
907 1623 1029 1686 lodoci
1056 1626 1230 1688 Clichtooei
1253 1650 1333 1688 eon-

208 1722 352 1809 tltcologl
364 1723 502 1805 serapte,
520 1742 581 1804 per
591 1718 769 1782 additionis
786 1722 916 1782 modion
936 1723 983 1783 acl
1001 1746 1040 1783 eo
1056 1746 1141 1810 pirae
1156 1728 1253 1809 prius
1268 1748 1334 1810 per

207 1821 294 1885 ulios
318 1833 429 1881 contro
451 1816 578 1879 eosdem
596 1818 690 1903 fuere
709 1818 910 1903 deprompto.
936 1820 971 1880 ln
992 1821 1089 1882 tertia
1114 1834 1207 1907 parte
1232 1822 1331 1908 hujus

208 1917 374 2006 tqntsculi,
399 1914 485 1979 lteda
511 1913 738 1976 Clichtoveum
763 1915 877 1978 durius
902 1918 1172 2004 aggrediebatur.
1206 1947 1221 1979 u
1251 1921 1331 1982 Stu-

211 2015 317 2107 pendu
339 2013 495 2076 nimirum
517 2024 567 2073 est
587 2011 619 2073 in
637 2036 688 2086 eo,
711 2012 831 2088 aiebat,
860 2014 900 2077 de
925 2015 1059 2078 Christo
1084 2028 1117 2078 et
1137 2019 1207 2103 ejus
1235 2015 1330 2080 sactis

208 2112 387 2179 smibemlo
416 2109 549 2174 audacia
581 2134 610 2173 n.
644 2111 721 2172 Post
746 2110 892 2174 diversas
922 2114 1207 2197 exprobrationes,
1237 2115 1330 2179 illum

210 2213 419 2299 balnntnque
435 2231 548 2270 severe
564 2209 731 2283 monebat,
750 2232 791 2270 ne
808 2208 883 2270 fidei
901 2233 978 2272 suae
994 2211 1195 2298 suspicionis
1219 2226 1330 2276 notam

210 2311 412 2401 ingererent.
429 2310 497 2370 lam
514 2306 713 2393 procurabat
729 2306 1039 2370 condemnationem
1057 2332 1115 2394 per
1126 2310 1330 2374 Facultatem

208 2405 424 2497 'llmologiae
444 2403 612 2490 opinionis
627 2416 696 2466 tum
717 2404 816 2467 Fabri
836 2417 905 2468 tum
923 2404 1139 2471 Clichteovei.
1162 2408 1327 2486 Facultas‚

208 2510 241 2574 ll*
256 2503 443 2571 novembris
461 2503 540 2565 1521
560 2514 592 2564 et
607 2526 720 2564 rursus
740 2505 768 2563 'l'
785 2502 983 2580 decembris,
1002 2504 1034 2566 in
1049 2505 1173 2568 celebri
1186 2507 1326 2591 judicio,

208 2604 296 2696 qmul
324 2603 523 2692 d'Argcntre
548 2599 660 2676 refert,
686 2599 900 2686 proclamavit
930 2601 1059 2664 unicam
1089 2627 1162 2665 esse
1189 2604 1327 2668 Mariam

208 2701 437 2793 blagdulemnn
458 2712 490 2762 ot
511 2721 576 2760 uon
598 2697 709 2783 plures
726 2698 969 2785 Magdaleuas¹.
988 2700 1056 2763 Nec
1072 2701 1132 2764 ista
1150 2715 1327 2766 contentus

207 2799 381 2868 sordentia,
404 2797 493 2860 Beda
518 2795 660 2860 labrum
681 2808 837 2882 tanquam
861 2797 969 2859 heresi
992 2812 1182 2884 suspectum
1208 2799 1327 2863 detulit

206 2900 246 2965 ud
270 2897 523 2964 l‘nrlumentnm.
553 2895 622 2957 Rex
642 2907 763 2970 autem,
786 2918 820 2956 re
844 2893 884 2956 ad
909 2919 943 2957 se
967 2911 1157 2972 convocata,
1183 2922 1200 2961 a
1230 2897 1325 2962 Guil-

207 2998 305 3063 lelmo
328 2999 441 3063 Parvo,
465 2991 545 3079 quid
566 2991 606 3054 de
627 2991 687 3054 hac
708 2993 930 3055 controversia
952 2994 1102 3071 sentiret,
1126 2996 1324 3081 postulavit3

206 3096 262 3185 qni
284 3119 357 3160 eum
380 3093 483 3179 ipsam
505 3114 577 3153 esse
598 3090 721 3152 nonde
742 3089 806 3152 lide
827 3090 885 3152 sed
901 3091 941 3153 de
961 3091 1117 3177 opinione
1135 3092 1238 3156 libera
1256 3117 1326 3157 res-

207 3193 389 3285 pondisset,
408 3187 579 3279 probibuit
599 3212 656 3250 rex
672 3212 712 3250 ue
733 3188 840 3251 Faber
855 3212 871 3250 a
892 3189 1102 3253 Parlamento
1117 3191 1259 3278 amplius
1275 3193 1326 3254 in-

206 3293 424 3383 quirinum.

251 3391 358 3456 ltodao
393 3401 501 3451 tamen
528 3384 648 3448 effectu
672 3408 738 3447 non
768 3385 873 3448 caruit
895 3386 1125 3473 impugnatio:
1158 3387 1322 3475 siquidem

204 3515 301 3556 cansa
332 3487 391 3552 luit
412 3509 470 3549 cur
491 3484 713 3561 Clichtoveus,
742 3482 922 3546 lormidaus
948 3508 988 3545 ne
1011 3485 1271 3548 Sorbonicorum
1293 3499 1325 3549 et

205 3586 464 3654 mtbodoxorum
517 3582 642 3645 favores
689 3581 869 3656 amitteret,
920 3582 1181 3671 catholicamque
1225 3583 1324 3647 fidem

204 3686 401 3759 ollbmleret,
436 3682 544 3746 Fabro
575 3679 857 3767 opinionibusque
885 3681 996 3757 Fabri,
1029 3705 1067 3743 eo
1097 3682 1201 3770 magis
1233 3681 1323 3768 quod

207 3782 401 3850 lattberanis
430 3778 641 3870 dogmatibus
666 3790 745 3840 tunc
769 3778 997 3867 grassantibus
1018 3780 1206 3842 consentire
1232 3780 1323 3843 vide-

205 3896 330 3952 rentur,
352 3879 502 3945 numium
524 3877 623 3955 misit,
647 3888 690 3953 et,
716 3875 840 3938 relictis
862 3876 1040 3963 prioribuS,
1067 3902 1166 3940 novas
1183 3877 1250 3941 vias
1271 3879 1323 3940 in-

204 4005 338 4072 gressus
359 3991 419 4043 est.

244 4197 266 4248 Ι.
287 4192 319 4244 m
336 4191 467 4246 Doctores,
484 4194 513 4238 ut
527 4184 708 4237 animadvertit
727 4184 891 4254 d'Argentre,
913 4187 1053 4239 noluerunt
1073 4189 1244 4241 condemnare
1265 4192 1323 4262 opi-

205 4266 306 4318 nionem
324 4270 374 4315 tres
387 4280 440 4313 esse
453 4259 546 4310 Marias
560 4263 714 4309 asserentem
728 4275 838 4325 quarum
853 4277 903 4309 una
916 4267 981 4310 esset
995 4260 1162 4327 Magdalena:
1178 4269 1203 4313 ot
1218 4263 1323 4331 quidem

205 4337 269 4388 bunc
283 4335 432 4406 opinionem
446 4331 478 4382 de
492 4329 574 4380 tribus
589 4329 677 4379 Mariis
697 4328 783 4397 plures
795 4330 872 4380 etiam
888 4330 1021 4382 Sorbonici
1034 4333 1158 4383 Doctores
1177 4341 1202 4384 et
1217 4334 1323 4402 quidem

204 4427 254 4461 non
271 4406 410 4459 mediocres
422 4403 555 4462 admisere,
570 4400 641 4451 verbi
656 4400 745 4468 gratia,
763 4399 953 4463 Genebrardus,
977 4403 1078 4454 Retzius
1093 4412 1119 4455 et
1139 4405 1191 4474 ipse
1211 4405 1321 4458 Bossue-

203 4479 262 4531 tius.
