3074 5422
679 424 860 485 -l‘tl-

205 558 369 637 theologus
381 557 458 617 obiit
473 559 510 615 22
524 565 602 637 sept.
620 563 650 617 et
667 564 853 618 testamento
868 557 983 636 legavit
1000 558 1129 638 collegio
1145 558 1253 620 decem
1270 579 1324 619 vo·

204 645 320 707 lumina
344 646 493 706 librorum
520 652 552 706 et
577 668 630 706 sex
654 646 765 706 libras:
793 647 857 720 sed,
884 647 955 727 quia
978 668 1040 706 non
1064 648 1260 709 sufficiebant
1285 648 1324 707 ad

205 735 322 796 obitum
339 735 518 809 solemnem,
535 735 699 814 collegium
720 744 849 817 propter
860 736 1009 798 beneficia
1024 737 1055 796 in
1073 757 1105 797 se
1116 736 1228 798 collata
1247 737 1322 797 resi·

205 824 299 885 duum
313 824 479 905 supplevit.
498 850 512 880 »

246 914 329 973 Libri
346 914 500 973 Navarrae
515 913 645 994 collegio
656 913 762 992 legati.

247 1007 276 1060 1⁰
292 1003 410 1062 lnbibl.
424 1002 536 1062 Mazar.
552 1003 651 1063 35938
667 1003 812 1063 videntur.
828 1003 944 1062 adhuc:
963 1002 1009 1063 De
1026 1002 1119 1063 laude
1130 1003 1324 1066 monasticae

205 1090 381 1174 religionis,
398 1128 429 1137 -
449 1091 495 1152 De
508 1090 649 1152 doctrina
665 1090 821 1152 moriendi
835 1092 985 1172 inquibus
995 1100 1040 1152 est
1051 1092 1126 1153 haec
1141 1093 1321 1173 inscriptio:

205 1202 261 1262 pro
275 1181 399 1241 libraria
414 1181 538 1259 Regalis
554 1181 682 1261 Collegii
698 1181 893 1262 Campaniae,
911 1180 986 1241 alias
1002 1182 1167 1256 Navarrae,
1186 1204 1224 1242 ex
1239 1183 1325 1242 dono

206 1270 345 1350 Magistri
363 1270 512 1330 Ludovici
528 1270 678 1351 (ludaei).

245 1363 276 1419 2⁰
293 1360 452 1419 11035980:
476 1358 658 1440 Ludolphus
673 1359 918 1420 Carthusiensis:
944 1359 1104 1440 Expositio
1119 1360 1150 1418 in
1168 1359 1323 1427 Psalmos

246 1903 392 1962 Lamnum.
412 1939 442 1947 -·
460 1903 625 1963 Me'moires
640 1901 678 1963 dc
694 1903 725 1962 la
740 1901 859 1963 Socidte'
874 1901 1130 1984 arche'oloqique,
1148 1903 1187 1976 ll,
1209 1904 1277 1963 133.

247 2064 398 2143 Excerpta
414 2085 430 2123 a
445 2064 566 2124 Laisnd.

246 2152 421 2232 Registrum
436 2154 688 2232 resignationum,
707 2152 919 2212 collationum.
945 2199 952 2212 .
979 2198 985 2211 .
1010 2173 1066 2233 per
1082 2153 1157 2213 Rev.
1177 2153 1208 2211 in
1224 2154 1254 2212 X
1270 2174 1324 2233 pa-

206 2249 327 2300 tremet
341 2241 512 2315 dominum,
527 2244 565 2301 l).
583 2242 786 2313 Ludovicum,
802 2242 858 2300 Dei
869 2249 899 2301 et
915 2249 1019 2301 sancte
1034 2241 1122 2301 Sedis
1133 2240 1325 2321 apostolicae

206 2331 313 2409 gratia,
332 2330 553 2391 Carnotensem
569 2332 759 2411 episcopum,
779 2351 897 2390 necnon
921 2330 1110 2390 venerabiles
1126 2338 1156 2390 et
1173 2331 1325 2391 circums-

205 2427 311 2499 pectos
332 2420 415 2479 viros
436 2420 578 2480 dominos
603 2428 634 2479 et
659 2420 822 2498 magistros
848 2419 1031 2479 Medardum
1055 2419 1232 2479 Thiersault
1257 2421 1324 2479 offi-

205 2509 323 2581 cialem,
347 2516 377 2568 et
401 2509 540 2569 Natalem
562 2509 688 2581 Tesson,
713 2508 862 2569 decanum
885 2516 916 2568 et
937 2508 1118 2568 canonicum
1143 2510 1175 2567 S‘
1197 2509 1324 2568 Andree

206 2597 414 2670 Carnotensis
432 2598 630 2679 presbyteros
651 2599 680 2656 in
699 2597 822 2678 juribus
842 2597 1027 2658 licentiatos.
1055 2645 1061 2657 .
1089 2643 1095 2658 .
1119 2598 1215 2678 ipsius
1236 2619 1324 2658 reve-

205 2685 292 2744 rendi
307 2685 406 2747 Patris
422 2687 552 2747 vicarios
569 2686 738 2766 generales
765 2737 772 2749 .
799 2732 805 2744 .
830 2686 1026 2746 decretorum
1043 2694 1074 2746 et
1094 2686 1321 2760 ordinatorum,

206 2782 237 2833 et
251 2797 307 2856 pcr
327 2797 376 2835 me
394 2775 522 2835 Petrum
546 2776 573 2836 le
595 2777 717 2836 Seneux
739 2775 967 2856 presbyterum,
989 2776 1020 2834 in
1040 2775 1174 2836 decretis
1194 2776 1325 2836 baccha-

205 2863 354 2938 laureum‚
373 2867 554 2925 canonicum
571 2866 804 2936 Carnotensem
820 2863 991 2946 publicum.
1018 2911 1024 2923 .
1051 2912 1057 2925 .
1082 2864 1185 2925 curiae
1200 2865 1323 2945 episco-

205 2953 282 3032 palis
303 2955 467 3027 notarium,
490 2954 628 3033 ejusdem
652 2954 814 3013 reverendi
833 2954 933 3013 Patris
955 2953 1147 3034 sigilliferum
1171 2962 1202 3014 et
1222 2976 1324 3014 secrc-

205 3043 329 3113 tarium,
346 3044 560 3123 expeditorum
577 3052 607 3103 et
629 3044 865 3121 registratorum
884 3078 923 3089 -
944 3044 1104 3124 lnceptum
1123 3043 1173 3103 die
1195 3043 1324 3103 Sabbati

205 3132 315 3191 lestiva
330 3133 361 3190 S.
379 3133 451 3191 Joh.
469 3133 625 3212 Baptistae
639 3132 677 3190 24
695 3133 809 3192 mensis
822 3132 902 3210 junii
916 3153 996 3192 anno
1011 3134 1049 3191 D.
1072 3131 1157 3193 1542.

245 3222 281 3279 F0
296 3224 355 3280 260
371 3230 404 3280 v⁰
419 3222 539 3281 Laisne'.

245 3309 380 3383 Sabbati,
397 3311 427 3368 in
440 3311 567 3391 jejuniis
582 3309 601 3367 4
618 3318 794 3391 temporum
809 3315 846 3369 22
862 3310 1060 3390 (septembris
1078 3309 1177 3391 1543).

245 3399 376 3459 Circitcr
398 3400 504 3459 horam
526 3402 546 3458 o
567 3400 604 3458 dc
629 3421 728 3471 mane,
751 3400 827 3458 obiit
849 3400 898 3458 vir
920 3398 1148 3471 celeberrimus
1174 3400 1326 3476 magister

203 3488 340 3547 lodocus
356 3488 527 3562 Clicthoue‚
546 3489 717 3569 presbyter,
734 3489 764 3547 in
781 3510 865 3549 sacra
880 3489 990 3568 pagina
1001 3489 1168 3568 professor,
1184 3496 1215 3547 et
1230 3510 1325 3548 cano-

205 3577 291 3637 nicus
312 3577 519 3657 prebendatus
539 3577 674 3636 Ecclesia
698 3577 908 3637 Carnotensis.
935 3577 1032 3656 Cujus
1055 3598 1168 3657 corpus
1188 3577 1245 3636 luit
1268 3599 1325 3657 per

204 3666 408 3725 reverendum
430 3674 547 3746 patrem
573 3666 776 3738 Ludovicum,
803 3667 980 3747 episcopum
1007 3666 1240 3738 Carnotensem,
1265 3666 1323 3726 do-

205 3755 305 3814 minos
320 3755 357 3814 de
373 3755 527 3835 Capitulo,
552 3776 621 3815 cum
642 3755 810 3821 habitualis
832 3755 1007 3835 praedictae
1028 3753 1185 3827 ecclesiae,
1211 3754 1323 3814 Cordi-

205 3845 296 3922 geris‚
313 3844 461 3903 Jacobitis
480 3852 510 3904 ct
529 3845 595 3903 aliis
619 3845 692 3903 viris
713 3844 937 3915 ecclesiasticis
961 3843 1231 3922 processionaliter
1246 3864 1323 3903 con-

205 3934 331 3993 ductum
348 3934 470 3993 a'domo
486 3934 652 4015 episcopali
669 3934 851 3993 Carnotensi
866 3933 897 3990 in
917 3931 1076 3992 ecclesiam
1097 3932 1323 3992 Carnotensem

175 4074 177 4080 .
204 4023 234 4080 in
250 4044 309 4102 qua
326 4023 504 4082 decantatae
520 4023 645 4082 luerunt
664 4021 977 4082 Commendationes:
1004 4021 1115 4101 quibus
1138 4021 1320 4094 decantatis

203 4112 241 4170 ad
264 4111 424 4171 ecclesiam
448 4113 553 4171 Sancti
576 4112 716 4171 Andreae
742 4111 940 4171 Carnotensis
965 4110 1078 4169 ibidem
1107 4108 1321 4190 sepeliendum

204 4200 472 4280 processionaliter
486 4202 578 4260 etiam
593 4200 794 4261 conductum.

244 4290 318 4370 Ejus
332 4291 431 4349 anima
447 4311 518 4350 cum
533 4290 636 4350 Beatis
651 4291 835 4370 requiescat.

629 4496 892 4504 ——-————-——-
