3074 5422
682 455 842 516 -67-

204 597 306 669 aiunt,
329 605 465 681 propter
489 590 570 679 quid
591 603 652 665 est,
672 589 830 652 duntaxat
850 591 926 677 quia
945 603 1007 663 est,
1030 613 1090 676 pro
1110 615 1200 653 more
1223 592 1323 655 intro·

204 692 410 768 ductionum,
439 688 632 752 ostendens
665 688 841 752 Caeterum
861 711 917 750 eos
943 688 999 774 qui
1022 688 1167 751 rationes
1190 689 1324 752 altiores

204 789 434 854 desiderarent
465 786 506 850 ad
539 785 803 850 Purbaeltianem
832 786 999 848 lectionem
1034 809 1050 848 a
1080 787 1134 848 Fr.
1167 788 1325 873 Capuano

205 887 414 974 explicatam,
437 898 492 948 aut
516 884 557 947 ad
578 884 790 972 Epithomato
818 889 851 946 in
877 884 1097 947 Ptolemaeum
1122 885 1258 947 J0annis
1285 885 1326 948 de

206 984 445 1073 Monte-Regio
468 1006 528 1069 pro
550 981 771 1059 Astronomia,
794 980 835 1044 ad
861 982 1015 1044 Boetium
1040 995 1072 1045 et
1096 983 1326 1046 Nemorarium

207 1107 267 1170 pro
287 1081 503 1146 Arithmetica
525 1079 674 1142 remittit.

251 1181 323 1258 Ast,
343 1181 428 1242 sicut
447 1178 603 1268 Logicam
625 1190 657 1240 et
674 1177 928 1241 Grammatieam
947 1177 1131 1240 litterarum
1148 1177 1327 1264 splendore

207 1292 238 1342 et
275 1301 402 1340 morum
431 1277 604 1340 honestate
641 1274 792 1338 decorari
821 1274 964 1351 volebat,
1000 1275 1045 1338 ita
1077 1275 1328 1339 mathematicas

209 1375 363 1440 scientias
385 1373 574 1461 platonicis,
597 1372 824 1460 pythagoram,
842 1372 1057 1460 mysticisque
1073 1373 1213 1436 theoriis
1230 1374 1328 1437 ador-

209 1474 320 1537 nabat.
344 1475 507 1538 Numeros
528 1471 726 1559 praesertim
752 1494 862 1534 sacros
879 1495 951 1534 esse
973 1495 1085 1534 rerum
1112 1470 1329 1534 invisibilium

212 1570 365 1662 symbola¹
382 1595 455 1633 cum
473 1572 639 1658 Hugonca
652 1571 686 1633 S.
699 1568 844 1646 Victore,
862 1568 1329 1656 RaymundoLull0,lNicolao

209 1672 354 1746 Cusano,
377 1670 464 1730 inter
479 1680 620 1742 veteres,
644 1668 722 1730 Pico
734 1666 775 1729 de
791 1667 992 1744 Mirandula,
1011 1666 1223 1743 Reuchlini0,
1246 1670 1331 1732 Ger-

206 1791 305 1831 mano
325 1767 473 1852 Ganayo,
496 1766 635 1852 ipsoque
655 1765 795 1842 Bovillo,
818 1765 904 1828 iuter
926 1765 1114 1843 modernos,
1135 1761 1330 1829 affirmabat.

206 1868 323 1953 ltaque
342 1877 474 1927 secutus
496 1864 683 1951 exemplum
704 1864 889 1950 Raymundi
911 1863 952 1926 de
969 1863 1126 1928 Sebunde
1142 1864 1176 1927 in
1199 1864 1296 1927 Theo!
1317 1901 1331 1912 -

203 1973 265 2052 gia
290 1965 446 2026 Naturae
470 1974 503 2024 et
523 1960 642 2024 Bovilli
663 1962 719 2048 qui
744 1985 836 2024 suam
858 1963 979 2024 Rosam
1007 1961 1244 2025 Geometricam
1268 1961 1332 2048 ipsi

209 2060 435 2137 dedicaverat,
472 2058 682 2123 Clichtoveus
709 2059 742 2122 in
765 2059 851 2122 libro
880 2060 930 2123 De
957 2065 1096 2144 mystica
1122 2084 1329 2123 nrtrnerorum

205 2159 463 2246 Significatione,
489 2157 529 2220 ad
550 2159 662 2221 Germ.
687 2158 857 2244 Ganayum
879 2159 1115 2221 Caturcensem
1138 2157 1332 2245 episcopum

208 2257 350 2333 directo,
382 2256 536 2342 mysteria
560 2255 594 2318 in
621 2256 805 2343 Scripturis
828 2256 974 2319 numeris
999 2255 1093 2320 affixa
1114 2281 1153 2320 ex
1177 2257 1332 2320 Patribus

210 2354 409 2442 explanavit.
424 2353 592 2430 Ostendit,
610 2378 639 2416 v.
659 2379 691 2443 g.
708 2377 847 2416 numero
864 2354 971 2440 primo
988 2354 1168 2442 significari
1185 2355 1246 2419 Dei
1262 2354 1332 2418 uni·

209 2465 326 2529 tatem,
356 2453 389 2515 2⁰
408 2451 550 2539 proximi
572 2475 730 2528 amorem,
759 2454 792 2513 3⁰
814 2452 1010 2515 Trinitatem
1035 2464 1170 2540 tresque
1194 2452 1333 2516 virtutes

209 2549 431 2639 theologaleS,
445 2549 478 2610 4⁰
491 2548 719 2638 Evangelistas
733 2562 766 2612 et
777 2550 975 2615 4⁰‘Virtutes
985 2549 1181 2628 cardinales,
1199 2553 1231 2613 5⁰
1247 2553 1333 2615 l’en-

212 2647 417 2724 tateuchum,
449 2659 481 2710 et
509 2650 540 2710 5⁸
569 2647 713 2710 Vulnera
742 2648 878 2720 Christi,
911 2660 965 2710 aut
993 2648 1172 2711 5homiuis
1202 2673 1331 2726 sensuS,

215 2749 247 2808 6⁰
277 2745 395 2808 Mundi
425 2746 627 2808 creationem
661 2745 853 2832 perlectam,
883 2749 914 2806 7ο
944 2747 1137 2822 Sabbatum,
1172 2747 1334 2833 Spiritum

213 2855 376 2918 sanctum,
388 2843 875 2930 rerumqueUniversalitatcm,
888 2844 920 2907 8⁰
933 2844 1223 2908 Resurrectionem
1233 2858 1335 2908 aeter-

213 2965 355 3029 namque
370 2941 571 3016 felicitatem,
591 2942 623 3004 90
643 2940 845 3030 Angelorum
867 2965 983 3005 novem
1000 2942 1131 3020 choros,
1150 2955 1229 3018 etc,
1247 2955 1332 3005 etc:

213 3039 355 3120 Quidam
380 3039 543 3103 Antonius
563 3038 677 3113 Rufus,
701 3039 842 3103 Gerardi
863 3039 973 3103 forsan
996 3040 1108 3117 lrater,
1138 3041 1215 3103 huic
1241 3041 1335 3128 operi

216 3138 277 3200 hos
298 3136 441 3200 addebat
460 3161 594 3200 versus:

397 3315 499 3386 Hisce,
518 3322 607 3373 notas
623 3336 723 3374 sacras
739 3324 770 3374 et
785 3316 915 3394 mystica
931 3337 1016 3375 seusa
1033 3317 1159 3376 recondi

476 3404 660 3463 Sanctorum
676 3405 816 3463 referunt
832 3404 976 3483 dogmata
995 3405 1095 3485 prisca
1110 3405 1249 3466 Patrum.

398 3492 535 3559 Quorum
553 3493 634 3552 dicta
651 3492 738 3552 brevi
757 3514 902 3573 praesens
917 3515 1060 3553 sermone
1076 3495 1198 3554 libellus

478 3581 605 3659 Colligit
617 3589 647 3640 et
663 3603 809 3641 numerus
825 3582 898 3662 quid
918 3591 1005 3643 notet
1022 3585 1121 3643 omnis
1137 3584 1241 3644 habet.
1321 3593 1323 3597 ’

262 3763 403 3848 Propter
424 3761 514 3849 quod
529 3762 585 3824 Fr.
607 3761 738 3849 Sylvius
760 3763 941 3849 scriptores
957 3763 1200 3828 ecclesiasticos
1213 3765 1339 3855 allego-

222 3859 343 3921 riarum
363 3883 528 3923 sacrarum
551 3860 676 3946 peritos
700 3885 911 3939 enumeranS,
937 3862 1090 3925 dicebat:
1115 3890 1131 3923 a
1160 3864 1195 3925 ln
1218 3863 1340 3950 quibus

220 3957 506 4021 annumerandum
522 3982 695 4022 censemus
710 3958 870 4022 lodocum
885 3972 1034 4023 nostrum
1048 3960 1288 4039 Clichtoveum,
1307 3963 1340 4024 in

220 4053 463 4142 philosophicis
484 4068 582 4143 atque
605 4056 805 4146 theologicis
819 4056 1005 4144 disciplinis
1017 4058 1265 4147 gravissimum3
1284 4059 1341 4146 qui

218 4155 258 4216 de
274 4158 414 4237 mystica
428 4177 639 4217 nrirnerorum
656 4155 899 4241 significatione
920 4179 1003 4243 opus
1019 4155 1180 4245 gravitate
1202 4180 1258 4220 sua
1275 4181 1341 4220 non

219 4251 396 4342 indignum
417 4252 646 4340 superioribus
667 4252 718 4315 his
734 4253 829 4316 anuis
847 4252 986 4317 emisit⁸.

259 4504 284 4553 1.
306 4501 419 4552 Ausonii
431 4501 560 4561 enodatio,
577 4502 680 4569 Badius,
698 4505 776 4557 1516.
792 4501 930 4555 Praelatio.
