3074 5422
699 427 835 484 ..7-

208 584 281 624 cum
303 561 472 625 Gonteriis
497 560 665 637 fratribus,
689 583 817 622 necnon
834 560 1001 623 Bohuslao
1021 573 1053 624 et
1073 561 1234 638 Bohemo,
1257 561 1326 624 col-

206 659 287 747 legit
321 672 353 721 et
383 658 548 722 correxit:
584 658 673 734 item,
706 658 942 721 auxiliantibus
967 658 1075 721 adhuc
1100 659 1271 722 Gonteriis
1294 671 1327 721 et

206 755 331 820 Davide
353 757 487 831 Lauxio,
515 754 664 841 ejusdem
680 756 780 819 Fabri
796 757 1056 819 Introductiones
1075 757 1123 820 ad
1140 756 1241 820 libros
1261 757 1326 819 Lo-

204 859 295 942 01000
320 853 424 917 edidit
444 853 565 939 (1408).
589 855 637 915 Ex
661 853 770 941 seipso
798 853 944 931 tandem,
970 853 1136 918 studiosae
1159 854 1326 941 juventuti

207 952 340 1030 obtulit,
363 965 432 1015 tum
452 951 574 1014 librum
595 951 635 1014 de
655 953 854 1040 Eloquentia
877 952 1060 1039 Gasparr'ni
1078 955 1323 1040 Pergamena,

206 1063 275 1114 tum
304 1049 538 1113 commentaria
568 1074 584 1112 a
618 1074 652 1112 se
682 1050 866 1136 composita
895 1050 927 1113 in
956 1051 1101 1138 Regulus
1129 1050 1327 1138 Elegantiue

206 1147 291 1233 Aug.
310 1148 421 1224 Dathi,
439 1146 607 1210 Francisci
621 1147 726 1237 Nigri,
743 1161 812 1211 tum
829 1147 973 1234 denique
989 1160 1164 1211 tractatum
1181 1147 1233 1211 eui
1244 1148 1326 1211 titu-

206 1245 257 1308 lus
286 1248 433 1308 Nomina
454 1246 713 1331 Magistratuum
737 1248 972 1326 Bouronorum,
1004 1270 1100 1333 quem
1126 1270 1165 1309 ex
1189 1248 1326 1310 Musaeo

206 1342 568 1407 Cardinalis-Monachi
606 1342 770 1429 provisori
798 1342 990 1407 'l'hcobaldo
1023 1347 1127 1408 Parvo
1161 1342 1326 1409 dedicavit

205 1440 330 1526 (1000).

576 1733 718 1800 CAPUT
743 1735 952 1800 TERTIUM.

272 1954 488 1993 CLlCllTOVEUS
514 1952 631 1991 Purnos
657 1952 779 1992 Guneus
805 1951 1024 1991 THEOLOGICOS
1051 1952 1198 1992 nrnnurun
1224 1953 1255 1991 IN

584 2050 740 2090 COLLEGIO
770 2050 944 2089 SORBONAE.

687 2194 848 2256 (rire-1506)

248 2430 403 2493 Attamen
431 2453 516 2492 anno
542 2430 639 2507 1400,
664 2453 704 2492 ex
733 2428 874 2516 collegio
902 2427 1259 2492 Cardinalis-Monachi
1282 2428 1324 2491 ad

205 2528 391 2592 Sorbonam
411 2528 543 2590 transiit
565 2527 788 2592 Cliehtoveus.
808 2529 946 2591 Constat
962 2527 1049 2589 enim
1071 2550 1110 2589 ex
1130 2539 1285 2612 computo
1306 2551 1323 2590 a

204 2627 329 2690 Thoma
355 2624 490 2688 Faverel
517 2625 648 2688 reddito
673 2625 713 2688 de
739 2625 883 2688 denariis
909 2649 926 2688 a
953 2627 984 2687 la
1007 2623 1153 2688 octobris
1177 2625 1260 2688 1400
1282 2624 1323 2688 ad

206 2727 256 2786 l³¹¹¹
268 2723 415 2786 octobris
428 2723 515 2786 diem
528 2724 612 2788 1500
626 2747 686 2811 pro
697 2722 830 2786 libraria
849 2724 1020 2787 Sorbonae
1037 2721 1192 2809 receptis,
1211 2721 1324 2785 Clich-
1375 2773 1377 2778 .

204 2835 335 2885 toveum
357 2821 458 2884 luisse
477 2834 557 2884 tunc
579 2846 651 2885 cum
672 2821 809 2885 Nicolao
830 2819 960 2885 Clerico
981 2832 1013 2882 et
1032 2822 1157 2883 loanne
1178 2817 1324 2882 Gueffier

205 2920 237 2982 in
264 2919 391 2982 socium
422 2920 594 2983 Sorbonae
623 2931 699 3007 post
728 2918 1000 2982 deliberationem
1036 2917 1069 2980 in
1103 2917 1237 3003 Capella
1265 2918 1324 2981 ad-

205 3017 352 3080 missum.
376 3018 436 3080 Hie
459 3017 547 3080 enim
563 3017 703 3108 legitur:
729 3043 745 3078 t(
767 3016 795 3080 A
818 3018 867 3080 M⁰
886 3016 1024 3080 Nicolao
1046 3016 1171 3079 Clerico
1196 3031 1323 3104 recepto

204 3120 375 3179 inaurium
396 3117 558 3178 sexdecim
579 3139 671 3179 asses
681 3140 759 3202 par.
779 3114 807 3178 A
828 3116 878 3178 M⁰
896 3115 1022 3178 Judoco
1045 3113 1240 3193 Clielrtoreo,
1261 3139 1323 3201 pro

205 3215 316 3276 eudem
332 3237 447 3292 eausa,
465 3215 626 3276 sexdecim
644 3236 735 3276 asses
744 3237 819 3300 pur.
837 3211 865 3276 A
883 3213 932 3274 M⁰
945 3213 1075 3274 Ioanne
1092 3209 1247 3298 Gueffier,
1262 3236 1324 3298 pro

202 3313 304 3374 sirrzr'lr'
322 3336 439 3390 eausa,
460 3313 623 3374 sexdecim
644 3335 736 3374 asses
753 3310 850 3398 par¹.
876 3336 892 3370 u
916 3311 956 3372 Et
979 3308 1114 3397 quidem
1136 3309 1267 3396 saepius
1291 3309 1324 3372 in

204 3422 387 3495 posterum,
412 3407 479 3472 sive
507 3409 540 3471 in
564 3408 843 3485 Fundationibus,
867 3407 987 3471 sivein
1011 3431 1070 3470 suo
1093 3409 1320 3485 Testamento,

204 3506 269 3569 sive
290 3507 323 3569 in
346 3505 547 3570 Kalendario
569 3507 766 3584 Sorbonico‚
789 3505 905 3569 titulus
926 3509 1006 3568 socii
1028 3505 1200 3568 Sorbonr'er'
1216 3505 1323 3592 ipsius

203 3604 330 3668 nomini
362 3604 537 3691 adjunctus
569 3617 630 3667 est.
663 3602 788 3668 Officiis
818 3603 916 3667 ctiam
942 3616 974 3666 et
1000 3601 1185 3692 privilegiis
1215 3601 1323 3667 cidem

204 3703 300 3766 titulo
322 3702 457 3766 annexis
474 3703 598 3790 potitus
615 3716 676 3766 est.
696 3704 733 3765 ln
753 3699 895 3790 registro
916 3726 982 3789 quo
998 3700 1226 3765 Bibliothecae
1248 3725 1323 3764 eus-

204 3799 299 3863 todes
314 3825 331 3863 a
349 3801 432 3864 1400
453 3800 494 3864 ad
512 3803 592 3863 1531
611 3800 662 3864 usi
679 3813 767 3878 sunt,
785 3800 906 3890 legitur
927 3799 1150 3877 Clichtoveus,
1174 3798 1219 3862 ait
1235 3800 1323 3863 Che-

204 3897 361 3976 villeriuS,
377 3898 504 3985 cepisse
517 3898 570 3961 die
583 3900 636 3962 23⁸
652 3898 766 3985 aprilis
784 3899 880 3974 1504,
902 3898 1024 3961 clavem
1037 3921 1154 3984 parvae
1168 3896 1322 3960 librariae

207 4013 238 4059 et
267 3997 321 4059 23⁸
342 3997 488 4059 octobris
514 3996 637 4060 clavem
663 4020 756 4059 areae
779 3996 981 4059 continentis
1007 3995 1113 4059 claves
1139 4019 1232 4058 arcae
1254 4019 1323 4057 ma-

203 4094 296 4179 joriS,
316 4107 348 4157 et
365 4095 504 4183 singulis
520 4094 647 4158 vicibus
660 4097 734 4182 jura
751 4095 863 4158 debita
878 4093 1027 4171 solvisse,
1046 4105 1078 4156 et
1093 4092 1226 4156 tandem
1242 4093 1322 4155 istas

208 4192 314 4255 claves
330 4192 527 4257 restituisse.
546 4192 673 4256 Ibidem
690 4193 856 4255 invenitur
868 4191 1036 4278 accepisse
1052 4191 1171 4253 iterum
1194 4193 1226 4253 6⁰
1243 4214 1320 4253 nov.

209 4291 289 4356 1505
307 4289 429 4353 clavem
451 4290 616 4367 librariae,
635 4290 844 4379 designatum
865 4314 997 4378 quoque
1018 4289 1119 4352 luisse
1140 4288 1322 4352 Bibliothe-

242 4525 267 4573 1.
288 4522 343 4573 Hoc
361 4529 511 4592 computum
528 4523 623 4591 legitur
641 4522 682 4573 in:
703 4523 833 4592 Registre
853 4521 904 4574 des
923 4539 1093 4595 procureurs
1116 4520 1196 4574 dela
1213 4522 1322 4574 maison

212 4592 244 4645 de
262 4593 414 4654 Sorbonne,
432 4594 583 4646 111101.
602 4594 748 4655 Chovillier,
764 4613 789 4664 p.
808 4596 867 4647 413.
