3074 5422
687 417 844 478 48..

203 555 300 620 solita
320 553 465 640 placent,
483 551 616 615 insolita
635 564 743 615 autem
759 552 821 614 etsi
840 549 1016 614 verahaud
1032 549 1127 614 saeile
1146 549 1325 614 admittun-

203 666 269 718 tur.
295 651 387 714 ,ldde
404 650 533 736 aliquos
550 673 634 726 esse,
651 650 706 737 qui
724 674 788 713 non
806 649 869 711 nisi
886 672 945 712 suo
961 647 1101 711 eredunt
1117 647 1270 724 consilio,
1294 661 1327 712 et

205 749 294 839 quod
316 748 418 812 semel
433 760 657 823 asseruerunt,
674 748 788 811 volunt
808 746 942 811 oraculo
958 745 1097 809 solidius
1111 746 1240 809 haberi.
1258 746 1327 810 Alii

206 861 314 912 autem
335 846 564 910 auetoritatula
588 870 649 908 una
666 858 721 909 aut
737 846 834 908 unius
851 844 1028 908 scribentis
1046 844 1148 914 dicto,
1168 856 1203 906 ut
1219 869 1327 931 equus

207 947 364 1033 capistro,
392 944 589 1018 retinentur,
614 956 646 1007 et
671 956 818 1006 caeteros
838 954 1069 1030 aspernantur,
1092 943 1205 1029 quiea
1228 941 1327 1006 dere

207 1057 263 1108 aut
280 1043 435 1106 dixerunt
450 1055 505 1105 aut
523 1042 748 1128 scripserunt:
767 1064 964 1127 omnemque
984 1039 1080 1102 aliam
1097 1053 1261 1126 spernunt
1279 1064 1327 1103 ra·

206 1141 309 1206 tionis
324 1139 527 1226 indaginem,
544 1151 575 1202 et
588 1139 623 1201 hi
634 1137 811 1202 admodum
823 1136 986 1226 probandi
1005 1161 1070 1199 non
1088 1149 1184 1212 sunt;
1202 1137 1328 1225 quibus

208 1240 235 1303 si
251 1240 452 1325 Disceptatio
472 1238 511 1300 de
531 1237 730 1324 ,llegrlclenc
751 1260 816 1299 non
838 1236 1009 1323 probatur,
1038 1234 1126 1298 haud
1151 1234 1327 1321 impendio

208 1361 305 1401 curae
326 1334 435 1399 luerit.
468 1337 507 1398 Et
533 1348 568 1398 ut
593 1335 633 1399 de
657 1335 783 1422 meipso
802 1334 932 1421 loquar,
954 1332 1132 1420 aliquando
1152 1335 1224 1419 ejus
1249 1358 1329 1396 seu-

208 1434 331 1499 tentiac
352 1432 397 1496 sui
412 1458 418 1495 ε
436 1433 496 1496 has
510 1446 578 1496 tres
595 1433 725 1496 unicam
741 1433 842 1496 luisse
857 1430 1099 1520 Magdalenam.
1112 1432 1234 1495 Verum
1251 1456 1330 1494 cum

209 1532 359 1596 libellum
381 1531 484 1594 evolvi
501 1544 533 1594 et
549 1534 620 1617 ejus
635 1530 740 1618 gratia
758 1530 962 1618 antiquiores
979 1528 1158 1614 scriptores
1175 1528 1327 1607 lustravi,

209 1632 313 1694 lactus
328 1630 455 1716 meipso
476 1629 680 1716 diligentior,
699 1629 809 1715 reperi
824 1641 889 1692 tam
912 1651 1033 1690 novum
1054 1639 1085 1689 et
1105 1650 1210 1713 paene
1231 1651 1329 1714 para-

210 1727 330 1791 doxum
357 1740 433 1790 ante
453 1739 600 1814 tempora
627 1726 781 1816 Gregorii
803 1726 916 1802 luisse,
944 1725 971 1787 si
991 1725 1087 1789 unica
1107 1737 1326 1802 assereretur,

211 1849 308 1913 quam
326 1849 412 1888 nuno
429 1849 502 1887 cum
522 1837 589 1887 tres
610 1837 801 1887 asseruntur
817 1837 849 1887 et
869 1848 934 1886 non
950 1847 1013 1886 una
1029 1823 1109 1885 sola.
1134 1847 1150 1882 1)

255 1923 377 1988 Contra
405 1923 546 1985 Fabrum
582 1935 614 1985 et
647 1922 873 1985 Clichtoveum
907 1926 999 2009 prior
1030 1919 1163 2006 scripsit
1195 1923 1327 1985 llarcus

214 2019 449 2095 GrandivalliS,
478 2022 513 2084 S.
538 2021 681 2084 Victoris
706 2021 898 2096 monachus,
929 2031 1104 2105 rectorque
1131 2017 1240 2081 Athis.
1270 2018 1328 2081 llle

161 2148 164 2157 ·
213 2120 265 2182 vix
286 2119 319 2181 in
340 2117 424 2182 sesto
444 2120 482 2181 B.
503 2117 718 2206 Magdalenae
738 2119 804 2204 (22ῃ
820 2117 907 2204 julii)
928 2116 1027 2181 Fabri
1047 2140 1129 2202 opus
1149 2115 1277 2204 legerat
1298 2129 1330 2180 et

209 2219 276 2304 jam
310 2218 362 2280 23¹
387 2215 517 2304 augusti
543 2216 734 2303 sequentis:
763 2217 933 2280 Ecclesiae
956 2213 1140 2277 catholicae
1170 2238 1236 2276 non
1264 2229 1332 2277 tres

212 2313 430 2400 illugdalenns
449 2315 508 2376 sed
523 2322 651 2376 (inicam
668 2315 802 2377 colentis
818 2313 1010 2401 Apologiam
1028 2335 1084 2374 scu
1100 2314 1331 2399 Defensorium

211 2411 334 2475 edidit:
362 2411 392 2473 in
415 2435 480 2499 quo
499 2435 612 2497 opere,
640 2412 701 2474 etsi
723 2411 879 2499 Philippo
900 2409 1201 2474 Montmorenciaco
1222 2423 1254 2473 et
1277 2411 1326 2474 St.

212 2509 397 2573 Poucherio
410 2508 575 2587 dedicato,
599 2509 700 2573 multa
720 2521 929 2600 exaggerata,
950 2507 984 2571 in
1003 2507 1147 2570 Fabrum
1167 2507 1328 2593 injuriosa

215 2606 361 2695 collegit.
387 2606 578 2671 Clichtoveo
593 2607 646 2669 vix
666 2608 843 2694 parcebat:
867 2634 884 2668 a
902 2609 1097 2693 Quanquam
1114 2604 1328 2670 Clichtoveus

211 2703 267 2767 illc
287 2705 559 2792 Neoportuensis,
577 2705 697 2781 aiebat,
715 2705 764 2768 vir
785 2704 926 2795 insignis
946 2703 1123 2767 admodum
1146 2716 1178 2766 et
1198 2702 1328 2767 littera-

211 2814 285 2864 tura
314 2815 346 2866 et
372 2802 552 2889 probitate,
585 2802 830 2890 astipulandum
862 2801 999 2890 dignum
1032 2800 1163 2864 duxisse
1195 2800 1328 2865 videtur

212 2898 289 2962 huic
319 2899 494 2963 assertioni
517 2900 595 2963 satis
625 2913 657 2963 et
681 2900 819 2964 nimium
839 2899 1030 2977 audaculae,
1060 2897 1137 2961 dum
1162 2897 1330 2963 collaudat

214 3008 311 3084 atque
338 2998 457 3085 probat
489 2998 683 3084 opusculum
713 2998 753 3061 de
783 3023 819 3061 ea
843 2997 990 3084 triplata,
1023 2996 1172 3060 scribens
1202 2996 1331 3060 scilicet

214 3094 298 3157 hane
318 3095 508 3182 opinionem
525 3095 564 3157 de
586 3095 680 3159 unica
696 3095 892 3186 Magdalena
913 3095 991 3157 olim
1008 3093 1109 3157 luisse
1126 3106 1190 3156 tam
1213 3118 1330 3157 novam

215 3216 312 3279 quam
334 3192 431 3255 modo
448 3217 527 3256 nova
544 3193 673 3257 videtur
693 3193 831 3258 assertio
851 3193 892 3256 de
907 3192 1043 3280 triplici.
1067 3218 1084 3252 »

259 3289 310 3353 Ad
326 3290 544 3354 dirimendam
560 3292 645 3354 hane
668 3291 924 3355 controversiam
944 3315 1027 3378 quae
1043 3289 1117 3377 plus
1138 3314 1243 3377 aequo
1259 3291 1331 3354 ani-

216 3412 286 3450 mos
302 3388 500 3478 exagitabat,
521 3390 638 3475 Steph.
662 3390 878 3466 Poucherius,
900 3401 978 3452 tunc
999 3388 1032 3450 in
1051 3388 1170 3475 Anglia
1187 3387 1329 3476 legatus,

215 3485 358 3549 lohanni
378 3485 506 3563 ltisher,
524 3486 680 3574 episcopo
697 3486 846 3552 Rollensi
859 3500 893 3550 et
907 3485 1138 3551 Universitatis
1156 3485 1332 3549 Cambrid-

215 3583 328 3672 gensis
357 3583 574 3662 Cancellario,
608 3585 744 3648 tradidit
769 3609 868 3672 opera
898 3598 967 3648 tum
998 3584 1096 3647 Fabri
1127 3597 1196 3646 tum
1226 3584 1331 3647 Marci

218 3678 451 3757 Grandivallis,
475 3706 614 3769 eumque
640 3683 765 3770 pluries
789 3683 980 3745 exhortatus
997 3681 1103 3744 estad
1125 3705 1215 3744 suam
1237 3680 1277 3744 de
1295 3706 1331 3746 re

217 3777 414 3841 sententiam
436 3778 559 3864 scripto
576 3779 709 3866 publico
723 3779 1009 3843 manifestandam.
1029 3779 1092 3860 Qui
1110 3778 1235 3841 diutius
1251 3779 1331 3842 hae-

217 3875 271 3951 sit,
300 3887 368 3938 tum
395 3875 471 3963 quia
493 3875 599 3962 primo
622 3902 674 3940 res
691 3902 756 3941 non
772 3877 852 3940 adeo
868 3876 977 3967 gravis
993 3877 1023 3939 ei
1043 3876 1111 3939 visa
1126 3876 1243 3954 luerat,
1261 3889 1332 3940 tum

217 3985 354 4061 propter
370 3973 526 4060 optimam
544 3975 751 4063 Stapulensis
770 3975 909 4053 famam3
928 3974 985 4038 sed
1001 3997 1130 4062 pugnae
1147 3973 1282 4037 tandem
1298 3999 1332 4038 se

218 4070 392 4147 commisit,
416 4083 448 4133 ct
467 4069 583 4134 eodem
606 4097 691 4136 aurio
711 4074 773 4137 tria
794 4072 951 4160 opuscula
972 4096 1111 4160 quorum
1132 4071 1196 4135 duo
1217 4086 1333 4136 contra

218 4167 373 4248 Fabrum,
396 4193 496 4232 unum
520 4194 596 4233 vero
617 4184 729 4234 contra
753 4171 979 4235 Clichtoveum
1000 4169 1132 4233 emisit:
1156 4194 1238 4257 quae
1259 4171 1333 4258 qui-

218 4265 292 4329 dem
314 4265 396 4329 adeo
419 4266 519 4329 cruda
540 4281 644 4347 erant,
670 4282 705 4332 ut
727 4272 880 4333 Erasmus
904 4281 935 4331 et
956 4267 1235 4355 praefatiunculae
1256 4293 1334 4332 suae

218 4363 410 4450 scriptores,
447 4363 511 4451 ipsi
535 4366 623 4430 hunc
652 4367 796 4455 rigorem
821 4367 900 4429 vitio
924 4367 1108 4429 vertebant.
1139 4366 1333 4430 Clichtoveo

218 4485 284 4524 non
304 4461 472 4549 pepercit:
495 4489 511 4524 c
533 4466 709 4529 'l'estantur
726 4489 815 4541 sane,
839 4464 906 4541 illa,
933 4463 1111 4541 scribebat,
1134 4463 1333 4549 (Clichtovei

217 4559 657 4646 opera),amicumanimum,
672 4563 784 4651 quoin
797 4559 1257 4638 Fabrumlodocusallicitur,
1276 4563 1333 4650 qui
