3074 5422
381 409 388 435 '
687 430 741 492 no

145 566 279 626 fratrum
294 585 436 624 meorum
449 564 678 635 detunctorum,
694 563 810 622 scilicet
827 563 962 622 Cornelii
975 564 1103 622 Adriani
1114 573 1143 624 et
1154 565 1271 624 Johan-

144 656 192 714 nis
212 676 272 714 van
292 654 330 712 de
351 653 524 715 Clichtoue.
546 662 575 712 et
598 654 678 711 inter
700 652 814 711 liberos
830 653 937 711 itidem
955 655 1072 712 sororis
1091 675 1159 712 mee
1178 655 1271 712 etiam

140 744 305 811 defuncte,
323 742 466 801 videlicet
484 741 640 801 Elizabeth
656 762 715 799 van
736 741 775 799 de
795 740 969 805 Clichtoue.
987 741 1143 820 quondam
1165 744 1272 801 uxoris

140 833 257 892 sororii
275 832 335 890 mei
349 830 457 889 tacobi
472 831 510 889 de
526 829 669 888 l'aldere.
688 831 725 888 Et
741 831 765 887 si
781 831 834 909 qui
850 829 900 887 alii
916 831 977 888 sint
994 831 1075 889 inter
1090 852 1176 890 meos
1195 852 1271 906 cog-

139 929 237 980 natos
258 921 296 979 ad
318 941 397 999 quos
417 920 488 998 jure
512 919 693 978 hereditatis
726 918 803 978 hona
832 940 899 977 mea
924 920 1080 998 pertinent
1103 921 1133 977 in
1162 921 1272 1000 patriis

136 1009 263 1071 laribus
282 1009 461 1077 constituta,
483 1009 576 1067 etiam
595 1009 655 1066 sint
671 1007 797 1067 illorum
813 1008 993 1087 participes.
1016 1009 1171 1089 Deinceps
1191 1010 1216 1068 si
1232 1031 1272 1069 ex

139 1098 329 1158 reddidihus
347 1098 423 1156 meis
441 1098 561 1166 annuis,
588 1098 641 1177 qui
662 1097 834 1156 ascendunt
856 1098 1021 1176 quotannis
1040 1098 1079 1156 ad
1101 1119 1155 1157 sex
1179 1098 1272 1157 libras

140 1209 327 1268 grossorum
343 1195 396 1246 aut
410 1187 545 1259 circiter,
563 1187 593 1245 id
613 1195 661 1245 est
679 1186 718 1244 ad
737 1186 865 1264 triginta
884 1207 938 1245 sex
957 1186 1052 1245 libras
1073 1196 1269 1261 turonenses,

140 1299 246 1358 nepos
263 1298 350 1336 meus
368 1298 406 1336 ex
426 1276 520 1335 tratre
540 1296 609 1335 meo
628 1276 778 1335 defuncto
798 1275 954 1344 Cornelio,
982 1276 1136 1336 Adrianus
1159 1299 1216 1336 van
1231 1277 1271 1336 de

140 1367 324 1438 Clichtoue,
341 1373 496 1424 mercator
517 1386 700 1445 pannorum,
719 1364 861 1423 habitans
876 1364 906 1422 in
922 1365 1117 1445 Novoportu,
1134 1366 1198 1445 qui,
1216 1387 1270 1425 no·

139 1457 229 1515 mine
249 1455 464 1536 procuratorio
479 1453 602 1513 illorum
618 1475 758 1513 meorum
773 1453 951 1513 reddituum
967 1455 1129 1533 pecuniam
1147 1476 1203 1535 pro
1222 1476 1271 1514 me

140 1566 270 1625 semper
298 1545 408 1623 recipit
432 1544 462 1601 in
485 1544 594 1623 patriis
618 1543 741 1614 linibus,
767 1543 926 1623 quippiam
951 1543 1043 1602 michi
1064 1544 1194 1623 pecunie
1218 1543 1271 1602 de-

143 1634 252 1693 buerit
265 1641 405 1712 tempore
419 1633 523 1691 obitus
538 1633 609 1701 mei,
627 1632 739 1691 ordino
753 1632 837 1712 quod
853 1640 997 1711 procuret
1013 1653 1051 1691 ex
1067 1632 1118 1691 illa
1136 1633 1270 1712 pecunia

144 1724 251 1783 debita
265 1723 410 1802 exequias
421 1721 573 1780 solemnes
589 1721 682 1779 michi
698 1720 792 1780 semel
807 1721 955 1780 celebrari
970 1721 1000 1779 in
1016 1721 1145 1780 ecclesia
1162 1743 1270 1801 parro-

145 1811 241 1872 chiali
258 1811 497 1891 Neoportuensi,
520 1831 575 1890 per
594 1810 724 1888 t'igilias
745 1819 951 1881 mortuorum,
975 1810 1271 1870 Commendationes

147 1901 320 1960 animarum
339 1907 370 1958 et
389 1899 513 1958 missam
537 1898 706 1958 solemnem
731 1899 769 1957 de
792 1898 958 1960 defunctis.
984 1920 1054 1958 cum
1079 1899 1223 1957 luminari
1238 1908 1269 1959 et

147 1988 239 2070 pulsu
254 1987 384 2047 solemni
399 1988 569 2047 secundum
585 2009 702 2047 morem
720 1987 803 2047 illius
817 1987 957 2049 ecclesie.
973 2009 1045 2047 cum
1061 1988 1270 2047 celebratione

146 2080 238 2138 etiam
254 2077 382 2156 triginta
397 2078 560 2136 missarum
574 2078 763 2157 privatarum
777 2086 809 2136 et
824 2078 888 2136 sine
903 2086 996 2136 cantu
1012 2077 1051 2136 dc
1067 2077 1224 2136 defunctis
1239 2078 1269 2136 in

147 2168 254 2227 eadem
273 2167 402 2227 ecclesia
417 2167 526 2226 eodem
544 2167 604 2236 die,
623 2174 739 2226 etcum
755 2166 975 2227 distributione
990 2166 1268 2246 eleemosynarum,

147 2256 255 2316 saltem
279 2256 484 2336 qnadraginta
506 2255 677 2315 solidorum
697 2257 922 2327 turonensium,
944 2257 975 2314 in
998 2277 1160 2336 pauperes.
1184 2256 1223 2314 Et
1244 2257 1270 2314 si

147 2346 232 2426 quid,
255 2346 302 2405 his
321 2345 465 2404 omnihus
485 2345 627 2425 expletis,
645 2345 843 2425 superfuerit,
861 2344 943 2403 illius
958 2346 1088 2425 pecunie
1103 2353 1177 2404 tunc
1192 2345 1270 2403 mihi

147 2435 250 2495 debite
262 2456 280 2494 a
294 2434 436 2514 predicto
454 2443 567 2514 nepote
582 2455 652 2493 meo
671 2434 818 2506 Adriano,
836 2456 938 2493 rerum
959 2455 1097 2494 mearum
1117 2433 1199 2514 apud
1218 2456 1269 2515 pa·

147 2525 223 2584 trios
241 2523 321 2583 lares
342 2531 555 2604 procuratore,
575 2524 606 2582 id
623 2532 723 2582 totum
743 2524 782 2583 ab
797 2524 865 2604 ipso
880 2524 911 2581 in
931 2525 998 2603 pios
1018 2545 1091 2583 usus
1106 2532 1267 2602 erogetur,

147 2612 369 2673 celebrationes
384 2612 500 2673 scilicet
516 2613 678 2672 missarum
694 2621 725 2672 et
740 2613 962 2693 eleemosynas,
981 2634 1037 2693 pro
1052 2611 1151 2672 salute
1167 2613 1270 2672 anime

148 2724 226 2762 mee.
241 2703 281 2762 Et
294 2703 354 2762 hoc
369 2703 469 2782 ipsum
485 2702 569 2781 quod
585 2702 678 2761 modo
694 2702 813 2761 dictum
829 2711 876 2761 est
890 2702 928 2761 de
941 2702 1044 2761 olllcio
1059 2702 1269 2762 ecclesiastico

148 2791 288 2852 faciendo
308 2813 363 2871 pro
385 2812 435 2850 me
457 2791 488 2849 in
509 2791 704 2871 Novoportu,
729 2813 785 2871 per
805 2791 925 2851 litteras
946 2791 1138 2869 significetur
1156 2813 1173 2850 a
1192 2792 1269 2850 meis

148 2880 364 2940 executoribus
377 2881 489 2959 insigni
501 2880 570 2939 viro
585 2881 736 2958 magistro
747 2881 936 2958 Hieronymo
947 2880 1121 2943 Clichtoue.
1133 2889 1269 2959 cognato

147 2991 227 3042 meo,
244 2970 395 3029 habitanti
411 2969 524 3047 Brugis
539 2969 622 3049 apud
636 2970 1021 3039 Sanctum-Donatianum,
1039 2969 1128 3048 cujus
1138 2970 1268 3029 ecclesie

147 3068 193 3118 est
207 3067 312 3119 rector
325 3058 535 3138 parrochialis,
553 3067 586 3117 ut
604 3080 658 3138 per
672 3058 816 3117 eumdem
834 3056 910 3117 illud
925 3058 1066 3138 predicto
1077 3079 1147 3117 meo
1162 3059 1267 3138 nepoti

148 3148 284 3207 Adriano
295 3148 441 3228 deinceps
455 3148 640 3207 insinuetur.
657 3147 866 3218 Postremum,
884 3148 909 3206 si
926 3148 979 3226 qui
998 3146 1049 3206 alii
1069 3148 1163 3205 michi
1179 3147 1268 3227 quic-

146 3258 238 3316 quam
253 3236 427 3307 debuerint,
449 3258 465 3295 e
486 3245 596 3296 mutuo
611 3245 665 3295 aut
682 3236 740 3295 alia
756 3237 865 3317 quavis
879 3236 918 3295 de
932 3257 1033 3299 causa.
1051 3244 1191 3316 tempore
1207 3237 1267 3295 mei

147 3326 290 3386 decessus
308 3347 346 3385 ex
364 3326 420 3384 hac
438 3326 501 3385 vita
517 3325 613 3406 (quod
629 3347 666 3385 ex
682 3327 816 3404 registro
843 3346 1016 3405 papyraceo
1034 3325 1267 3384 ratiociniorum

146 3436 285 3474 meorum
301 3422 356 3474 aut
375 3414 509 3474 scedulis
526 3436 634 3474 eorum
654 3414 847 3492 obligatoriis
861 3414 943 3493 apud
965 3422 1103 3473 metune
1122 3414 1268 3493 repositis

147 3503 234 3564 facile
252 3504 429 3583 constabit),
453 3512 620 3584 procurent
641 3505 700 3563 mei
715 3512 897 3563 executores
918 3524 953 3562 ea
972 3503 1077 3562 dehita
1098 3510 1220 3562 mature
1235 3511 1267 3562 et

147 3594 208 3653 cito
223 3593 369 3674 persolvi,
389 3601 419 3652 et
434 3592 517 3652 illam
540 3594 701 3674 pecuniam
717 3593 872 3673 applicent
886 3591 925 3651 ad
943 3593 1157 3652 executionem
1173 3592 1267 3671 hujus

146 3683 324 3742 testamenti
343 3681 463 3762 plenius
479 3682 663 3742 faciendam.

184 3772 419 3843 Verumtamen,
436 3772 461 3831 si
478 3772 608 3832 sortasse
619 3779 704 3831 tanta
720 3772 811 3831 luerit
827 3771 961 3830 tenuitas
976 3770 1106 3850 pecunie
1121 3778 1151 3829 et
1167 3768 1265 3828 hono·

146 3881 214 3920 rum
238 3882 378 3920 meorum
398 3870 537 3941 tempore
558 3862 617 3922 mei
638 3862 742 3921 obitus
761 3869 796 3921 ut
815 3860 1011 3941 nonpossint
1032 3859 1133 3918 omnia
1156 3867 1186 3918 et
1204 3860 1265 3918 sin·

147 3950 218 4030 gula
234 3950 383 4031 compleri
402 3951 609 4031 particulatim
631 3960 702 4010 ante
724 3972 879 4031 expressa,
905 3958 979 4009 tunc
1002 3949 1061 4008 mei
1083 3956 1266 4007 executores

146 4040 291 4100 studeant
308 4061 342 4099 ea
366 4061 426 4119 que
444 4042 576 4100 maxime
597 4041 768 4100 necessaria
790 4048 861 4099 sunt
880 4048 909 4098 et
930 4039 968 4097 ad
984 4038 1177 4097 honestatem
1193 4058 1265 4097 exe·

145 4129 287 4210 quiarum
305 4130 474 4209 spectantia
495 4128 675 4209 adimplere,
698 4129 893 4209 potissimum
910 4149 945 4186 ea
969 4148 1029 4206 que
1050 4127 1129 4185 intra
1149 4126 1267 4185 Carno-

145 4226 211 4278 tum
227 4226 299 4277 sunt
314 4218 493 4299 exequenda
510 4219 540 4275 in
556 4218 683 4277 ecclesia
700 4217 868 4277 cathedrali
890 4225 919 4275 et
935 4215 1198 4279 Sancti-Andree:
1216 4235 1265 4273 re-

147 4307 229 4388 liqua
245 4327 319 4366 vero
335 4329 394 4387 que
411 4308 512 4366 minus
532 4307 700 4366 necessaria
721 4315 792 4366 sunt
808 4315 837 4365 et
854 4314 939 4364 extra
956 4305 1126 4363 Carnotum
1146 4302 1265 4382 agenda

148 4396 378 4476 pretermittant
392 4405 520 4476 propter
534 4395 689 4454 delectum
702 4396 829 4454 materie
840 4394 1027 4474 pecuniarie.
1039 4392 1129 4460 Quod
1139 4393 1264 4472 quidem

148 4485 307 4562 negotium
334 4486 460 4545 omnino
486 4506 592 4544 corum
619 4485 796 4543 discretioni
820 4491 851 4542 et
871 4483 1067 4562 dispositioni
1088 4481 1263 4552 committo,

151 4574 226 4634 dans
246 4574 289 4633 eis
311 4572 438 4633 liberam
460 4582 644 4656 potestatem
663 4571 864 4643 diminuendi,
884 4571 1023 4630 mutandi
1042 4581 1073 4630 et
1087 4571 1265 4651 pretermit-
