<?xml version="1.0" encoding="UTF-8"?>
<!DOCTYPE html PUBLIC "-//W3C//DTD XHTML 1.0 Transitional//EN"
    "http://www.w3.org/TR/xhtml1/DTD/xhtml1-transitional.dtd">
<html xmlns="http://www.w3.org/1999/xhtml" xml:lang="en" lang="en">
 <head>
  <title>
</title>
<meta http-equiv="Content-Type" content="text/html;charset=utf-8" />
  <meta name='ocr-system' content='tesseract 3.04.00' />
  <meta name='ocr-capabilities' content='ocr_page ocr_carea ocr_par ocr_line ocrx_word'/>
</head>
<body>
  <div class='ocr_page' id='page_1' title='image "./dejudociclichto00clergoog_0118.png"; bbox 0 0 3074 5422; ppageno 0'>
   <div class='ocr_carea' id='block_1_1' title="bbox 688 434 841 496">
    <p class='ocr_par' dir='ltr' id='par_1_1' title="bbox 688 434 841 496">
     <span class='ocr_line' id='line_1_1' title="bbox 688 434 841 496; baseline 0 -17"><span class='ocrx_word' id='word_1_1' title='bbox 688 434 841 496; x_wconf 68' lang='grc'>-81-</span> 
     </span>
    </p>
   </div>
   <div class='ocr_carea' id='block_1_2' title="bbox 202 569 1378 3791">
    <p class='ocr_par' dir='ltr' id='par_1_2' title="bbox 202 569 1378 1932">
     <span class='ocr_line' id='line_1_2' title="bbox 206 569 1323 660; baseline 0.001 -26"><span class='ocrx_word' id='word_1_2' title='bbox 206 571 265 634; x_wconf 92' lang='lat' dir='ltr'>bus</span> <span class='ocrx_word' id='word_1_3' title='bbox 285 570 396 634; x_wconf 88' lang='lat' dir='ltr'>denuo</span> <span class='ocrx_word' id='word_1_4' title='bbox 416 570 550 634; x_wconf 89' lang='lat' dir='ltr'>fuerunt</span> <span class='ocrx_word' id='word_1_5' title='bbox 569 569 736 656; x_wconf 86' lang='lat' dir='ltr'>impressi,</span> <span class='ocrx_word' id='word_1_6' title='bbox 759 569 824 633; x_wconf 92' lang='lat' dir='ltr'>imo</span> <span class='ocrx_word' id='word_1_7' title='bbox 846 583 878 634; x_wconf 91' lang='lat' dir='ltr'>et</span> <span class='ocrx_word' id='word_1_8' title='bbox 899 570 932 634; x_wconf 95' lang='lat' dir='ltr'>in</span> <span class='ocrx_word' id='word_1_9' title='bbox 952 571 1144 660; x_wconf 89' lang='lat' dir='ltr'>germanico</span> <span class='ocrx_word' id='word_1_10' title='bbox 1166 571 1323 636; x_wconf 85' lang='lat' dir='ltr'>idiomate</span> 
     </span>
     <span class='ocr_line' id='line_1_3' title="bbox 204 666 1324 756; baseline 0.001 -25"><span class='ocrx_word' id='word_1_11' title='bbox 204 668 366 732; x_wconf 81' lang='lat' dir='ltr'>translati.</span> <span class='ocrx_word' id='word_1_12' title='bbox 389 669 524 755; x_wconf 86' lang='lat' dir='ltr'><strong>Septem</strong></span> <span class='ocrx_word' id='word_1_13' title='bbox 541 666 779 744; x_wconf 90' lang='lat' dir='ltr'>voluminibus,</span> <span class='ocrx_word' id='word_1_14' title='bbox 797 680 833 731; x_wconf 90' lang='lat' dir='ltr'>ut</span> <span class='ocrx_word' id='word_1_15' title='bbox 856 668 928 756; x_wconf 90' lang='lat' dir='ltr'>ipse</span> <span class='ocrx_word' id='word_1_16' title='bbox 949 669 1078 748; x_wconf 83' lang='lat' dir='ltr'>scribit,</span> <span class='ocrx_word' id='word_1_17' title='bbox 1104 669 1324 733; x_wconf 88' lang='lat' dir='ltr'>contineban-</span> 
     </span>
     <span class='ocr_line' id='line_1_4' title="bbox 202 763 1323 853; baseline 0.001 -25"><span class='ocrx_word' id='word_1_18' title='bbox 202 778 267 842; x_wconf 88' lang='lat' dir='ltr'>tur,</span> <span class='ocrx_word' id='word_1_19' title='bbox 290 766 385 828; x_wconf 89' lang='lat' dir='ltr'>etsie</span> <span class='ocrx_word' id='word_1_20' title='bbox 407 766 447 828; x_wconf 90' lang='lat' dir='ltr'>ab</span> <span class='ocrx_word' id='word_1_21' title='bbox 467 765 541 852; x_wconf 92' lang='lat' dir='ltr'>ipso</span> <span class='ocrx_word' id='word_1_22' title='bbox 563 763 817 828; x_wconf 87' lang='lat' dir='ltr'>dividebantur:</span> <span class='ocrx_word' id='word_1_23' title='bbox 837 766 855 829; x_wconf 91' lang='lat'><em>8</em></span> <span class='ocrx_word' id='word_1_24' title='bbox 878 790 977 853; x_wconf 92' lang='lat' dir='ltr'>super</span> <span class='ocrx_word' id='word_1_25' title='bbox 995 766 1189 830; x_wconf 88' lang='lat' dir='ltr'>Orationem</span> <span class='ocrx_word' id='word_1_26' title='bbox 1205 767 1323 831; x_wconf 91' lang='lat' dir='ltr'>Domi-</span> 
     </span>
     <span class='ocr_line' id='line_1_5' title="bbox 204 861 1320 951; baseline 0.003 -25"><span class='ocrx_word' id='word_1_27' title='bbox 204 865 323 940; x_wconf 88' lang='lat' dir='ltr'>nioam,</span> <span class='ocrx_word' id='word_1_28' title='bbox 344 866 357 926; x_wconf 87' lang='lat' dir='ltr'>l</span> <span class='ocrx_word' id='word_1_29' title='bbox 378 888 477 951; x_wconf 93' lang='lat' dir='ltr'>super</span> <span class='ocrx_word' id='word_1_30' title='bbox 492 865 584 927; x_wconf 81' lang='lat' dir='ltr'>Orat.</span> <span class='ocrx_word' id='word_1_31' title='bbox 600 861 808 951; x_wconf 81' lang='lat' dir='ltr'>Angelicam‚</span> <span class='ocrx_word' id='word_1_32' title='bbox 826 865 865 927; x_wconf 69' lang='grc'>19</span> <span class='ocrx_word' id='word_1_33' title='bbox 881 888 980 951; x_wconf 86' lang='lat' dir='ltr'>super</span> <span class='ocrx_word' id='word_1_34' title='bbox 1002 866 1041 928; x_wconf 71' lang='grc'>12</span> <span class='ocrx_word' id='word_1_35' title='bbox 1058 865 1215 929; x_wconf 86' lang='lat' dir='ltr'>articulos</span> <span class='ocrx_word' id='word_1_36' title='bbox 1230 864 1320 942; x_wconf 87' lang='lat' dir='ltr'>fidei,</span> 
     </span>
     <span class='ocr_line' id='line_1_6' title="bbox 207 961 1324 1049; baseline 0.001 -24"><span class='ocrx_word' id='word_1_37' title='bbox 207 964 244 1025; x_wconf 86' lang='grc'>10</span> <span class='ocrx_word' id='word_1_38' title='bbox 270 986 370 1048; x_wconf 89' lang='lat' dir='ltr'>super</span> <span class='ocrx_word' id='word_1_39' title='bbox 391 961 607 1049; x_wconf 87' lang='lat' dir='ltr'>Decalogum,</span> <span class='ocrx_word' id='word_1_40' title='bbox 631 961 767 1048; x_wconf 87' lang='lat' dir='ltr'>8super</span> <span class='ocrx_word' id='word_1_41' title='bbox 789 964 925 1049; x_wconf 86' lang='lat' dir='ltr'>Septem</span> <span class='ocrx_word' id='word_1_42' title='bbox 953 964 1179 1038; x_wconf 86' lang='lat' dir='ltr'>Sacramenta,</span> <span class='ocrx_word' id='word_1_43' title='bbox 1203 964 1265 1026; x_wconf 85' lang='grc'>100</span> <span class='ocrx_word' id='word_1_44' title='bbox 1292 975 1324 1026; x_wconf 90' lang='lat' dir='ltr'>et</span> 
     </span>
     <span class='ocr_line' id='line_1_7' title="bbox 205 1058 1323 1146; baseline 0.002 -24"><span class='ocrx_word' id='word_1_45' title='bbox 205 1060 317 1146; x_wconf 92' lang='lat' dir='ltr'>plures</span> <span class='ocrx_word' id='word_1_46' title='bbox 338 1059 378 1122; x_wconf 90' lang='lat' dir='ltr'>de</span> <span class='ocrx_word' id='word_1_47' title='bbox 399 1058 516 1122; x_wconf 90' lang='lat' dir='ltr'>diebus</span> <span class='ocrx_word' id='word_1_48' title='bbox 537 1058 711 1122; x_wconf 90' lang='lat' dir='ltr'>dominicis</span> <span class='ocrx_word' id='word_1_49' title='bbox 733 1072 765 1122; x_wconf 89' lang='lat' dir='ltr'>et</span> <span class='ocrx_word' id='word_1_50' title='bbox 782 1058 887 1134; x_wconf 89' lang='lat' dir='ltr'>festis,</span> <span class='ocrx_word' id='word_1_51' title='bbox 911 1061 951 1123; x_wconf 88' lang='lat'>50</span> <span class='ocrx_word' id='word_1_52' title='bbox 969 1061 1055 1123; x_wconf 89' lang='lat' dir='ltr'>circa</span> <span class='ocrx_word' id='word_1_53' title='bbox 1075 1060 1115 1124; x_wconf 91' lang='lat' dir='ltr'>de</span> <span class='ocrx_word' id='word_1_54' title='bbox 1133 1063 1171 1123; x_wconf 91' lang='lat' dir='ltr'>B.</span> <span class='ocrx_word' id='word_1_55' title='bbox 1189 1062 1235 1124; x_wconf 88' lang='lat' dir='ltr'>M.</span> <span class='ocrx_word' id='word_1_56' title='bbox 1253 1061 1323 1127; x_wconf 91' lang='lat' dir='ltr'>Vir·</span> 
     </span>
     <span class='ocr_line' id='line_1_8' title="bbox 205 1156 1325 1248; baseline 0.002 -29"><span class='ocrx_word' id='word_1_57' title='bbox 205 1157 282 1248; x_wconf 91' lang='lat' dir='ltr'>gine</span> <span class='ocrx_word' id='word_1_58' title='bbox 304 1170 336 1221; x_wconf 88' lang='lat' dir='ltr'>et</span> <span class='ocrx_word' id='word_1_59' title='bbox 357 1157 500 1232; x_wconf 88' lang='lat' dir='ltr'>Sanctis,</span> <span class='ocrx_word' id='word_1_60' title='bbox 524 1160 540 1219; x_wconf 83' lang='lat'><strong>7</strong></span> <span class='ocrx_word' id='word_1_61' title='bbox 567 1156 607 1219; x_wconf 92' lang='lat' dir='ltr'>de</span> <span class='ocrx_word' id='word_1_62' title='bbox 631 1157 731 1220; x_wconf 91' lang='lat' dir='ltr'>variis</span> <span class='ocrx_word' id='word_1_63' title='bbox 758 1157 869 1221; x_wconf 90' lang='lat' dir='ltr'>rebus.</span> <span class='ocrx_word' id='word_1_64' title='bbox 898 1158 1028 1239; x_wconf 90' lang='lat' dir='ltr'>Quibus</span> <span class='ocrx_word' id='word_1_65' title='bbox 1058 1157 1202 1222; x_wconf 91' lang='lat' dir='ltr'>addendi</span> <span class='ocrx_word' id='word_1_66' title='bbox 1231 1171 1325 1222; x_wconf 89' lang='lat' dir='ltr'>erant</span> 
     </span>
     <span class='ocr_line' id='line_1_9' title="bbox 207 1254 1322 1343; baseline 0.002 -25"><span class='ocrx_word' id='word_1_67' title='bbox 207 1256 246 1318; x_wconf 69' lang='lat'>32</span> <span class='ocrx_word' id='word_1_68' title='bbox 263 1255 318 1318; x_wconf 91' lang='lat' dir='ltr'>alii</span> <span class='ocrx_word' id='word_1_69' title='bbox 332 1279 442 1319; x_wconf 91' lang='lat' dir='ltr'>coram</span> <span class='ocrx_word' id='word_1_70' title='bbox 457 1254 652 1327; x_wconf 92' lang='lat' dir='ltr'>scolaribus,</span> <span class='ocrx_word' id='word_1_71' title='bbox 672 1255 853 1331; x_wconf 90' lang='lat' dir='ltr'>monachis,</span> <span class='ocrx_word' id='word_1_72' title='bbox 872 1256 1090 1343; x_wconf 86' lang='lat' dir='ltr'>presbyteris,</span> <span class='ocrx_word' id='word_1_73' title='bbox 1108 1257 1322 1333; x_wconf 92' lang='lat' dir='ltr'>Doctoribus,</span> 
     </span>
     <span class='ocr_line' id='line_1_10' title="bbox 206 1353 1324 1440; baseline 0 -24"><span class='ocrx_word' id='word_1_74' title='bbox 206 1353 239 1416; x_wconf 93' lang='lat' dir='ltr'>in</span> <span class='ocrx_word' id='word_1_75' title='bbox 253 1353 390 1440; x_wconf 88' lang='lat' dir='ltr'>synodis</span> <span class='ocrx_word' id='word_1_76' title='bbox 405 1366 460 1417; x_wconf 92' lang='lat' dir='ltr'>aut</span> <span class='ocrx_word' id='word_1_77' title='bbox 475 1353 648 1416; x_wconf 89' lang='lat' dir='ltr'>occasione</span> <span class='ocrx_word' id='word_1_78' title='bbox 670 1355 890 1416; x_wconf 86' lang='lat' dir='ltr'>Patronorum</span> <span class='ocrx_word' id='word_1_79' title='bbox 911 1354 1148 1440; x_wconf 89' lang='lat' dir='ltr'>pronuntiatis.</span> <span class='ocrx_word' id='word_1_80' title='bbox 1172 1354 1237 1437; x_wconf 88' lang='lat' dir='ltr'>Qui</span> <span class='ocrx_word' id='word_1_81' title='bbox 1257 1354 1324 1417; x_wconf 90' lang='lat' dir='ltr'>fere</span> 
     </span>
     <span class='ocr_line' id='line_1_11' title="bbox 207 1446 1324 1540; baseline 0.001 -26"><span class='ocrx_word' id='word_1_82' title='bbox 207 1475 320 1515; x_wconf 93' lang='lat' dir='ltr'>omnes</span> <span class='ocrx_word' id='word_1_83' title='bbox 336 1451 439 1514; x_wconf 90' lang='lat' dir='ltr'>latino</span> <span class='ocrx_word' id='word_1_84' title='bbox 461 1446 593 1538; x_wconf 84' lang='lat' dir='ltr'>quidem</span> <span class='ocrx_word' id='word_1_85' title='bbox 615 1450 772 1515; x_wconf 85' lang='lat' dir='ltr'>idiomate</span> <span class='ocrx_word' id='word_1_86' title='bbox 788 1451 879 1516; x_wconf 90' lang='lat' dir='ltr'>fuere</span> <span class='ocrx_word' id='word_1_87' title='bbox 892 1452 1007 1540; x_wconf 90' lang='lat' dir='ltr'>scripti</span> <span class='ocrx_word' id='word_1_88' title='bbox 1028 1466 1061 1516; x_wconf 93' lang='lat' dir='ltr'>et</span> <span class='ocrx_word' id='word_1_89' title='bbox 1076 1452 1242 1540; x_wconf 89' lang='lat' dir='ltr'>impressi,</span> <span class='ocrx_word' id='word_1_90' title='bbox 1266 1451 1324 1516; x_wconf 92' lang='lat' dir='ltr'>sed</span> 
     </span>
     <span class='ocr_line' id='line_1_12' title="bbox 207 1548 1324 1639; baseline 0.001 -27"><span class='ocrx_word' id='word_1_91' title='bbox 207 1549 378 1612; x_wconf 90' lang='lat' dir='ltr'>vernacula</span> <span class='ocrx_word' id='word_1_92' title='bbox 400 1550 514 1639; x_wconf 90' lang='lat' dir='ltr'>lingua</span> <span class='ocrx_word' id='word_1_93' title='bbox 534 1548 667 1637; x_wconf 88' lang='lat' dir='ltr'>prolati,</span> <span class='ocrx_word' id='word_1_94' title='bbox 691 1574 792 1637; x_wconf 93' lang='lat' dir='ltr'>quum</span> <span class='ocrx_word' id='word_1_95' title='bbox 813 1549 854 1613; x_wconf 91' lang='lat' dir='ltr'>de</span> <span class='ocrx_word' id='word_1_96' title='bbox 875 1550 1074 1637; x_wconf 87' lang='lat' dir='ltr'>quibusdam</span> <span class='ocrx_word' id='word_1_97' title='bbox 1099 1563 1227 1613; x_wconf 92' lang='lat' dir='ltr'>tantum</span> <span class='ocrx_word' id='word_1_98' title='bbox 1252 1550 1324 1613; x_wconf 92' lang='lat' dir='ltr'>ani-</span> 
     </span>
     <span class='ocr_line' id='line_1_13' title="bbox 209 1647 1324 1736; baseline 0.001 -27"><span class='ocrx_word' id='word_1_99' title='bbox 209 1647 429 1710; x_wconf 90' lang='lat' dir='ltr'>madvertatur</span> <span class='ocrx_word' id='word_1_100' title='bbox 440 1648 531 1734; x_wconf 92' lang='lat' dir='ltr'>ipsos</span> <span class='ocrx_word' id='word_1_101' title='bbox 541 1647 641 1710; x_wconf 92' lang='lat' dir='ltr'>fuisse</span> <span class='ocrx_word' id='word_1_102' title='bbox 652 1660 687 1710; x_wconf 90' lang='lat' dir='ltr'>ut</span> <span class='ocrx_word' id='word_1_103' title='bbox 700 1648 843 1734; x_wconf 89' lang='lat' dir='ltr'>scriptos</span> <span class='ocrx_word' id='word_1_104' title='bbox 853 1649 897 1711; x_wconf 90' lang='lat' dir='ltr'>ita</span> <span class='ocrx_word' id='word_1_105' title='bbox 907 1660 939 1711; x_wconf 88' lang='lat' dir='ltr'>et</span> <span class='ocrx_word' id='word_1_106' title='bbox 948 1647 1049 1712; x_wconf 90' lang='lat' dir='ltr'>latine</span> <span class='ocrx_word' id='word_1_107' title='bbox 1059 1648 1217 1736; x_wconf 93' lang='lat' dir='ltr'>prolatos.</span> <span class='ocrx_word' id='word_1_108' title='bbox 1229 1647 1324 1713; x_wconf 90' lang='lat' dir='ltr'>Unde</span> 
     </span>
     <span class='ocr_line' id='line_1_14' title="bbox 209 1745 1325 1834; baseline 0.001 -26"><span class='ocrx_word' id='word_1_109' title='bbox 209 1745 443 1809; x_wconf 88' lang='lat' dir='ltr'>confirmantur</span> <span class='ocrx_word' id='word_1_110' title='bbox 466 1759 652 1809; x_wconf 86' lang='lat' dir='ltr'>asserentes</span> <span class='ocrx_word' id='word_1_111' title='bbox 669 1745 792 1809; x_wconf 88' lang='lat' dir='ltr'>soeculi</span> <span class='ocrx_word' id='word_1_112' title='bbox 809 1747 881 1812; x_wconf 90' lang='lat' dir='ltr'>XVI</span> <span class='ocrx_word' id='word_1_113' title='bbox 903 1746 1152 1833; x_wconf 87' lang='lat' dir='ltr'>praedicatores</span> <span class='ocrx_word' id='word_1_114' title='bbox 1165 1746 1205 1809; x_wconf 94' lang='lat' dir='ltr'>ad</span> <span class='ocrx_word' id='word_1_115' title='bbox 1222 1770 1325 1834; x_wconf 93' lang='lat' dir='ltr'>popu·</span> 
     </span>
     <span class='ocr_line' id='line_1_15' title="bbox 209 1842 1378 1932; baseline 0.001 -27"><span class='ocrx_word' id='word_1_116' title='bbox 209 1842 274 1905; x_wconf 91' lang='lat' dir='ltr'>lum</span> <span class='ocrx_word' id='word_1_117' title='bbox 293 1843 467 1906; x_wconf 91' lang='lat' dir='ltr'>vernacula</span> <span class='ocrx_word' id='word_1_118' title='bbox 488 1843 600 1932; x_wconf 89' lang='lat' dir='ltr'>lingua</span> <span class='ocrx_word' id='word_1_119' title='bbox 622 1843 722 1907; x_wconf 91' lang='lat' dir='ltr'>fuisse</span> <span class='ocrx_word' id='word_1_120' title='bbox 739 1843 879 1920; x_wconf 79' lang='lat' dir='ltr'>locutoS,</span> <span class='ocrx_word' id='word_1_121' title='bbox 903 1845 965 1907; x_wconf 92' lang='lat' dir='ltr'>etsi</span> <span class='ocrx_word' id='word_1_122' title='bbox 985 1844 1086 1908; x_wconf 90' lang='lat' dir='ltr'>latina</span> <span class='ocrx_word' id='word_1_123' title='bbox 1108 1845 1305 1908; x_wconf 88' lang='lat' dir='ltr'>scriberent.</span> <span class='ocrx_word' id='word_1_124' title='bbox 1376 1869 1378 1872; x_wconf 70' lang='grc'>’</span> 
     </span>
    </p>

    <p class='ocr_par' dir='ltr' id='par_1_3' title="bbox 209 1941 1327 2711">
     <span class='ocr_line' id='line_1_16' title="bbox 253 1941 1323 2031; baseline 0 -27"><span class='ocrx_word' id='word_1_125' title='bbox 253 1945 321 2005; x_wconf 89' lang='lat' dir='ltr'>Hoc</span> <span class='ocrx_word' id='word_1_126' title='bbox 347 1942 381 2004; x_wconf 92' lang='lat' dir='ltr'>in</span> <span class='ocrx_word' id='word_1_127' title='bbox 410 1965 544 2031; x_wconf 85' lang='lat' dir='ltr'>genere,</span> <span class='ocrx_word' id='word_1_128' title='bbox 574 1941 757 2005; x_wconf 88' lang='lat' dir='ltr'>litterarum</span> <span class='ocrx_word' id='word_1_129' title='bbox 787 1942 998 2008; x_wconf 88' lang='lat' dir='ltr'>Clichtoveus</span> <span class='ocrx_word' id='word_1_130' title='bbox 1024 1955 1162 2006; x_wconf 90' lang='lat' dir='ltr'>nonest</span> <span class='ocrx_word' id='word_1_131' title='bbox 1186 1941 1323 2019; x_wconf 85' lang='lat' dir='ltr'>oblitus,</span> 
     </span>
     <span class='ocr_line' id='line_1_17' title="bbox 210 2039 1323 2128; baseline 0 -26"><span class='ocrx_word' id='word_1_132' title='bbox 210 2052 478 2127; x_wconf 89' lang='lat' dir='ltr'>caeterorumque</span> <span class='ocrx_word' id='word_1_133' title='bbox 490 2039 668 2103; x_wconf 90' lang='lat' dir='ltr'>multorum</span> <span class='ocrx_word' id='word_1_134' title='bbox 678 2040 827 2127; x_wconf 88' lang='lat' dir='ltr'>vestigiis</span> <span class='ocrx_word' id='word_1_135' title='bbox 843 2039 1016 2128; x_wconf 86' lang='lat' dir='ltr'>neglectis,</span> <span class='ocrx_word' id='word_1_136' title='bbox 1034 2040 1148 2105; x_wconf 91' lang='lat' dir='ltr'>eadem</span> <span class='ocrx_word' id='word_1_137' title='bbox 1161 2039 1323 2117; x_wconf 87' lang='lat' dir='ltr'>claritate,</span> 
     </span>
     <span class='ocr_line' id='line_1_18' title="bbox 209 2137 1325 2227; baseline 0 -27"><span class='ocrx_word' id='word_1_138' title='bbox 209 2137 383 2227; x_wconf 86' lang='lat' dir='ltr'>elegantia,</span> <span class='ocrx_word' id='word_1_139' title='bbox 410 2152 443 2202; x_wconf 89' lang='lat' dir='ltr'>et</span> <span class='ocrx_word' id='word_1_140' title='bbox 464 2138 624 2226; x_wconf 88' lang='lat' dir='ltr'>gravitate</span> <span class='ocrx_word' id='word_1_141' title='bbox 654 2138 856 2224; x_wconf 90' lang='lat' dir='ltr'>praedicavit</span> <span class='ocrx_word' id='word_1_142' title='bbox 883 2163 949 2226; x_wconf 90' lang='lat' dir='ltr'>qua</span> <span class='ocrx_word' id='word_1_143' title='bbox 974 2139 1119 2226; x_wconf 86' lang='lat' dir='ltr'>scripsit.</span> <span class='ocrx_word' id='word_1_144' title='bbox 1153 2165 1169 2199; x_wconf 89' lang='lat'>«</span> <span class='ocrx_word' id='word_1_145' title='bbox 1201 2138 1325 2201; x_wconf 91' lang='lat' dir='ltr'>Multos</span> 
     </span>
     <span class='ocr_line' id='line_1_19' title="bbox 209 2235 1327 2326; baseline -0.001 -28"><span class='ocrx_word' id='word_1_146' title='bbox 209 2235 342 2322; x_wconf 92' lang='lat' dir='ltr'>quidem</span> <span class='ocrx_word' id='word_1_147' title='bbox 362 2248 395 2299; x_wconf 89' lang='lat' dir='ltr'>et</span> <span class='ocrx_word' id='word_1_148' title='bbox 411 2259 548 2325; x_wconf 89' lang='lat' dir='ltr'>magnos</span> <span class='ocrx_word' id='word_1_149' title='bbox 564 2236 598 2298; x_wconf 90' lang='lat' dir='ltr'>in</span> <span class='ocrx_word' id='word_1_150' title='bbox 614 2260 652 2299; x_wconf 92' lang='lat' dir='ltr'>eo</span> <span class='ocrx_word' id='word_1_151' title='bbox 669 2261 792 2326; x_wconf 80' lang='lat' dir='ltr'>genere</span> <span class='ocrx_word' id='word_1_152' title='bbox 809 2236 991 2322; x_wconf 86' lang='lat' dir='ltr'>scriptores</span> <span class='ocrx_word' id='word_1_153' title='bbox 1008 2236 1180 2309; x_wconf 87' lang='lat' dir='ltr'>habemus,</span> <span class='ocrx_word' id='word_1_154' title='bbox 1194 2235 1327 2299; x_wconf 88' lang='lat' dir='ltr'>dicebat</span> 
     </span>
     <span class='ocr_line' id='line_1_20' title="bbox 210 2333 1326 2421; baseline 0.001 -26"><span class='ocrx_word' id='word_1_155' title='bbox 210 2335 396 2411; x_wconf 89' lang='lat' dir='ltr'>Lassereus,</span> <span class='ocrx_word' id='word_1_156' title='bbox 424 2333 482 2396; x_wconf 92' lang='lat' dir='ltr'>sed</span> <span class='ocrx_word' id='word_1_157' title='bbox 507 2334 563 2420; x_wconf 85' lang='lat' dir='ltr'>qui</span> <span class='ocrx_word' id='word_1_158' title='bbox 589 2358 658 2397; x_wconf 92' lang='lat' dir='ltr'>rem</span> <span class='ocrx_word' id='word_1_159' title='bbox 680 2335 884 2421; x_wconf 90' lang='lat' dir='ltr'>propositam</span> <span class='ocrx_word' id='word_1_160' title='bbox 909 2346 1091 2421; x_wconf 88' lang='lat' dir='ltr'>pertractet</span> <span class='ocrx_word' id='word_1_161' title='bbox 1116 2333 1232 2420; x_wconf 85' lang='lat' dir='ltr'>majori</span> <span class='ocrx_word' id='word_1_162' title='bbox 1253 2333 1326 2396; x_wconf 89' lang='lat' dir='ltr'>luce</span> 
     </span>
     <span class='ocr_line' id='line_1_21' title="bbox 210 2429 1326 2519; baseline -0.001 -25"><span class='ocrx_word' id='word_1_163' title='bbox 210 2442 241 2494; x_wconf 90' lang='lat' dir='ltr'>et</span> <span class='ocrx_word' id='word_1_164' title='bbox 270 2429 436 2508; x_wconf 85' lang='lat' dir='ltr'>facilitate,</span> <span class='ocrx_word' id='word_1_165' title='bbox 467 2431 523 2518; x_wconf 93' lang='lat' dir='ltr'>qui</span> <span class='ocrx_word' id='word_1_166' title='bbox 546 2429 675 2519; x_wconf 88' lang='lat' dir='ltr'>digerat</span> <span class='ocrx_word' id='word_1_167' title='bbox 705 2432 875 2495; x_wconf 87' lang='lat' dir='ltr'>materiam</span> <span class='ocrx_word' id='word_1_168' title='bbox 904 2431 1102 2509; x_wconf 90' lang='lat' dir='ltr'>ordinatius,</span> <span class='ocrx_word' id='word_1_169' title='bbox 1132 2431 1188 2518; x_wconf 93' lang='lat' dir='ltr'>qui</span> <span class='ocrx_word' id='word_1_170' title='bbox 1216 2454 1326 2494; x_wconf 90' lang='lat' dir='ltr'>sacras</span> 
     </span>
     <span class='ocr_line' id='line_1_22' title="bbox 211 2527 1326 2616; baseline 0.001 -25"><span class='ocrx_word' id='word_1_171' title='bbox 211 2527 338 2591; x_wconf 88' lang='lat' dir='ltr'>litteras</span> <span class='ocrx_word' id='word_1_172' title='bbox 349 2528 589 2616; x_wconf 87' lang='lat' dir='ltr'>interpretetur</span> <span class='ocrx_word' id='word_1_173' title='bbox 605 2529 896 2607; x_wconf 88' lang='lat' dir='ltr'>accommodatius,</span> <span class='ocrx_word' id='word_1_174' title='bbox 920 2528 1088 2592; x_wconf 90' lang='lat' dir='ltr'>neminem</span> <span class='ocrx_word' id='word_1_175' title='bbox 1104 2527 1237 2616; x_wconf 90' lang='lat' dir='ltr'>quidem</span> <span class='ocrx_word' id='word_1_176' title='bbox 1253 2551 1326 2592; x_wconf 90' lang='lat' dir='ltr'>esse</span> 
     </span>
     <span class='ocr_line' id='line_1_23' title="bbox 209 2623 362 2711; baseline -0.013 -24"><span class='ocrx_word' id='word_1_177' title='bbox 209 2623 320 2711; x_wconf 89' lang='lat' dir='ltr'>puto¹.</span> <span class='ocrx_word' id='word_1_178' title='bbox 346 2650 362 2685; x_wconf 74' lang='lat' dir='ltr'>a</span> 
     </span>
    </p>

    <p class='ocr_par' dir='ltr' id='par_1_4' title="bbox 208 2721 1328 3791">
     <span class='ocr_line' id='line_1_24' title="bbox 253 2721 1327 2810; baseline 0 -25"><span class='ocrx_word' id='word_1_179' title='bbox 253 2723 295 2785; x_wconf 88' lang='lat' dir='ltr'>Et</span> <span class='ocrx_word' id='word_1_180' title='bbox 314 2746 427 2786; x_wconf 89' lang='lat' dir='ltr'>revera</span> <span class='ocrx_word' id='word_1_181' title='bbox 449 2723 547 2809; x_wconf 88' lang='lat' dir='ltr'>hujus</span> <span class='ocrx_word' id='word_1_182' title='bbox 567 2722 690 2787; x_wconf 90' lang='lat' dir='ltr'>saeculi</span> <span class='ocrx_word' id='word_1_183' title='bbox 711 2723 826 2786; x_wconf 85' lang='lat' dir='ltr'>famosi</span> <span class='ocrx_word' id='word_1_184' title='bbox 848 2723 1104 2810; x_wconf 86' lang='lat' dir='ltr'>praedicatores,</span> <span class='ocrx_word' id='word_1_185' title='bbox 1127 2735 1163 2786; x_wconf 89' lang='lat' dir='ltr'>ut</span> <span class='ocrx_word' id='word_1_186' title='bbox 1183 2721 1327 2786; x_wconf 89' lang='lat' dir='ltr'>Maillar-</span> 
     </span>
     <span class='ocr_line' id='line_1_25' title="bbox 209 2819 1326 2909; baseline -0.002 -25"><span class='ocrx_word' id='word_1_187' title='bbox 209 2821 285 2898; x_wconf 80' lang='lat' dir='ltr'>tius,</span> <span class='ocrx_word' id='word_1_188' title='bbox 310 2821 487 2899; x_wconf 90' lang='lat' dir='ltr'>Menotius,</span> <span class='ocrx_word' id='word_1_189' title='bbox 515 2821 687 2898; x_wconf 88' lang='lat' dir='ltr'>Raulinus,</span> <span class='ocrx_word' id='word_1_190' title='bbox 719 2845 792 2884; x_wconf 92' lang='lat' dir='ltr'>cum</span> <span class='ocrx_word' id='word_1_191' title='bbox 815 2821 940 2908; x_wconf 90' lang='lat' dir='ltr'>impetu</span> <span class='ocrx_word' id='word_1_192' title='bbox 966 2820 1114 2909; x_wconf 90' lang='lat' dir='ltr'>quidem,</span> <span class='ocrx_word' id='word_1_193' title='bbox 1138 2820 1197 2883; x_wconf 91' lang='lat' dir='ltr'>sed</span> <span class='ocrx_word' id='word_1_194' title='bbox 1221 2819 1326 2883; x_wconf 91' lang='lat' dir='ltr'>indis-</span> 
     </span>
     <span class='ocr_line' id='line_1_26' title="bbox 210 2917 1326 3005; baseline -0.002 -24"><span class='ocrx_word' id='word_1_195' title='bbox 210 2931 309 2992; x_wconf 90' lang='lat' dir='ltr'>crete,</span> <span class='ocrx_word' id='word_1_196' title='bbox 332 2917 469 2993; x_wconf 86' lang='lat' dir='ltr'>insulse,</span> <span class='ocrx_word' id='word_1_197' title='bbox 487 2918 687 2996; x_wconf 90' lang='lat' dir='ltr'>inordinate,</span> <span class='ocrx_word' id='word_1_198' title='bbox 703 2918 944 2982; x_wconf 89' lang='lat' dir='ltr'>declamabant.</span> <span class='ocrx_word' id='word_1_199' title='bbox 964 2918 1119 2982; x_wconf 90' lang='lat' dir='ltr'>Monachi</span> <span class='ocrx_word' id='word_1_200' title='bbox 1131 2917 1326 3005; x_wconf 90' lang='lat' dir='ltr'>praesertim</span> 
     </span>
     <span class='ocr_line' id='line_1_27' title="bbox 208 3015 1326 3102; baseline -0.001 -24"><span class='ocrx_word' id='word_1_201' title='bbox 208 3016 393 3079; x_wconf 89' lang='lat' dir='ltr'>trivialibus</span> <span class='ocrx_word' id='word_1_202' title='bbox 408 3017 579 3080; x_wconf 88' lang='lat' dir='ltr'>invectivis</span> <span class='ocrx_word' id='word_1_203' title='bbox 595 3017 629 3080; x_wconf 94' lang='lat' dir='ltr'>in</span> <span class='ocrx_word' id='word_1_204' title='bbox 645 3016 876 3081; x_wconf 88' lang='lat' dir='ltr'>concionando</span> <span class='ocrx_word' id='word_1_205' title='bbox 893 3016 1155 3093; x_wconf 90' lang='lat' dir='ltr'>delectabantur,</span> <span class='ocrx_word' id='word_1_206' title='bbox 1175 3027 1206 3079; x_wconf 91' lang='lat' dir='ltr'>et</span> <span class='ocrx_word' id='word_1_207' title='bbox 1222 3015 1326 3102; x_wconf 88' lang='lat' dir='ltr'>magis</span> 
     </span>
     <span class='ocr_line' id='line_1_28' title="bbox 208 3112 1327 3202; baseline -0.001 -26"><span class='ocrx_word' id='word_1_208' title='bbox 208 3114 442 3178; x_wconf 76' lang='lat' dir='ltr'>reformatores</span> <span class='ocrx_word' id='word_1_209' title='bbox 462 3114 665 3178; x_wconf 86' lang='lat' dir='ltr'>orthodoxos</span> <span class='ocrx_word' id='word_1_210' title='bbox 691 3114 864 3202; x_wconf 89' lang='lat' dir='ltr'>bonaeque</span> <span class='ocrx_word' id='word_1_211' title='bbox 886 3114 962 3177; x_wconf 85' lang='lat' dir='ltr'>fidei</span> <span class='ocrx_word' id='word_1_212' title='bbox 984 3138 1081 3201; x_wconf 91' lang='lat' dir='ltr'>quam</span> <span class='ocrx_word' id='word_1_213' title='bbox 1106 3112 1327 3176; x_wconf 89' lang='lat' dir='ltr'>heterodoxos</span> 
     </span>
     <span class='ocr_line' id='line_1_29' title="bbox 209 3212 1327 3302; baseline -0.001 -27"><span class='ocrx_word' id='word_1_214' title='bbox 209 3212 425 3300; x_wconf 89' lang='lat' dir='ltr'>impetebant.</span> <span class='ocrx_word' id='word_1_215' title='bbox 438 3214 548 3302; x_wconf 90' lang='lat' dir='ltr'>Ignari</span> <span class='ocrx_word' id='word_1_216' title='bbox 556 3213 782 3300; x_wconf 84' lang='lat' dir='ltr'>furentesque,</span> <span class='ocrx_word' id='word_1_217' title='bbox 794 3236 943 3301; x_wconf 90' lang='lat' dir='ltr'>quosque</span> <span class='ocrx_word' id='word_1_218' title='bbox 953 3212 1096 3275; x_wconf 90' lang='lat' dir='ltr'>viderint</span> <span class='ocrx_word' id='word_1_219' title='bbox 1105 3235 1204 3274; x_wconf 91' lang='lat' dir='ltr'>novas</span> <span class='ocrx_word' id='word_1_220' title='bbox 1214 3235 1327 3298; x_wconf 91' lang='lat' dir='ltr'>quaes-</span> 
     </span>
     <span class='ocr_line' id='line_1_30' title="bbox 208 3307 1326 3397; baseline -0.003 -24"><span class='ocrx_word' id='word_1_221' title='bbox 208 3310 316 3373; x_wconf 90' lang='lat' dir='ltr'>tiones</span> <span class='ocrx_word' id='word_1_222' title='bbox 341 3310 515 3397; x_wconf 85' lang='lat' dir='ltr'>agitantes,</span> <span class='ocrx_word' id='word_1_223' title='bbox 544 3323 578 3373; x_wconf 88' lang='lat' dir='ltr'>ut</span> <span class='ocrx_word' id='word_1_224' title='bbox 602 3310 788 3375; x_wconf 90' lang='lat' dir='ltr'>haereticos</span> <span class='ocrx_word' id='word_1_225' title='bbox 816 3312 999 3373; x_wconf 90' lang='lat' dir='ltr'>notabant:</span> <span class='ocrx_word' id='word_1_226' title='bbox 1022 3322 1077 3373; x_wconf 90' lang='lat' dir='ltr'>aut</span> <span class='ocrx_word' id='word_1_227' title='bbox 1105 3309 1138 3371; x_wconf 93' lang='lat' dir='ltr'>in</span> <span class='ocrx_word' id='word_1_228' title='bbox 1161 3307 1326 3372; x_wconf 91' lang='lat' dir='ltr'>cathedris</span> 
     </span>
     <span class='ocr_line' id='line_1_31' title="bbox 210 3406 1325 3496; baseline -0.003 -25"><span class='ocrx_word' id='word_1_229' title='bbox 210 3411 390 3471; x_wconf 90' lang='lat' dir='ltr'>Doctorum</span> <span class='ocrx_word' id='word_1_230' title='bbox 399 3407 641 3495; x_wconf 90' lang='lat' dir='ltr'>disputationes</span> <span class='ocrx_word' id='word_1_231' title='bbox 654 3409 885 3496; x_wconf 91' lang='lat' dir='ltr'>scolarumque</span> <span class='ocrx_word' id='word_1_232' title='bbox 899 3408 1059 3471; x_wconf 90' lang='lat' dir='ltr'>terminos</span> <span class='ocrx_word' id='word_1_233' title='bbox 1068 3406 1325 3483; x_wconf 90' lang='lat' dir='ltr'>transferebant,</span> 
     </span>
     <span class='ocr_line' id='line_1_32' title="bbox 210 3505 1327 3594; baseline -0.002 -25"><span class='ocrx_word' id='word_1_234' title='bbox 210 3505 385 3570; x_wconf 87' lang='lat' dir='ltr'>autetiam</span> <span class='ocrx_word' id='word_1_235' title='bbox 408 3505 619 3570; x_wconf 92' lang='lat' dir='ltr'>sublimiores</span> <span class='ocrx_word' id='word_1_236' title='bbox 649 3531 757 3594; x_wconf 90' lang='lat' dir='ltr'>aequo</span> <span class='ocrx_word' id='word_1_237' title='bbox 786 3507 933 3570; x_wconf 90' lang='lat' dir='ltr'>theorias</span> <span class='ocrx_word' id='word_1_238' title='bbox 960 3505 1205 3593; x_wconf 91' lang='lat' dir='ltr'>ampullataque</span> <span class='ocrx_word' id='word_1_239' title='bbox 1228 3505 1327 3567; x_wconf 89' lang='lat' dir='ltr'>verba</span> 
     </span>
     <span class='ocr_line' id='line_1_33' title="bbox 209 3600 1328 3687; baseline -0.003 -20"><span class='ocrx_word' id='word_1_240' title='bbox 209 3602 447 3668; x_wconf 74' lang='lat' dir='ltr'>affectabant«</span> <span class='ocrx_word' id='word_1_241' title='bbox 460 3604 977 3687; x_wconf 88' lang='lat' dir='ltr'>Quonuncverborumtonitruo</span> <span class='ocrx_word' id='word_1_242' title='bbox 988 3616 1021 3666; x_wconf 89' lang='lat' dir='ltr'>et</span> <span class='ocrx_word' id='word_1_243' title='bbox 1032 3602 1168 3666; x_wconf 89' lang='lat' dir='ltr'>fulmine</span> <span class='ocrx_word' id='word_1_244' title='bbox 1179 3600 1328 3666; x_wconf 89' lang='lat' dir='ltr'>ferienda</span> 
     </span>
     <span class='ocr_line' id='line_1_34' title="bbox 208 3700 1327 3791; baseline -0.003 -26"><span class='ocrx_word' id='word_1_245' title='bbox 208 3701 310 3780; x_wconf 89' lang='lat' dir='ltr'>venit,</span> <span class='ocrx_word' id='word_1_246' title='bbox 332 3701 441 3766; x_wconf 90' lang='lat' dir='ltr'>aiebat</span> <span class='ocrx_word' id='word_1_247' title='bbox 456 3702 680 3782; x_wconf 86' lang='lat' dir='ltr'>Clichtoveus,</span> <span class='ocrx_word' id='word_1_248' title='bbox 698 3703 828 3766; x_wconf 90' lang='lat' dir='ltr'>illorum</span> <span class='ocrx_word' id='word_1_249' title='bbox 845 3701 1051 3789; x_wconf 90' lang='lat' dir='ltr'>impudentia</span> <span class='ocrx_word' id='word_1_250' title='bbox 1069 3701 1166 3788; x_wconf 91' lang='lat' dir='ltr'>qui...</span> <span class='ocrx_word' id='word_1_251' title='bbox 1188 3700 1327 3791; x_wconf 89' lang='lat' dir='ltr'>gloriam</span> 
     </span>
    </p>
   </div>
   <div class='ocr_carea' id='block_1_3' title="bbox 211 3957 1334 4660">
    <p class='ocr_par' dir='ltr' id='par_1_5' title="bbox 211 3957 1334 4660">
     <span class='ocr_line' id='line_1_35' title="bbox 244 3957 1329 4035; baseline -0.006 -20"><span class='ocrx_word' id='word_1_252' title='bbox 244 3965 269 4015; x_wconf 87' lang='lat'>1.</span> <span class='ocrx_word' id='word_1_253' title='bbox 292 3961 430 4023; x_wconf 86' lang='lat' dir='ltr'>Launoius,</span> <span class='ocrx_word' id='word_1_254' title='bbox 446 3965 546 4035; x_wconf 83' lang='lat' dir='ltr'>Opera,</span> <span class='ocrx_word' id='word_1_255' title='bbox 559 3963 580 4021; x_wconf 92' lang='grc' dir='ltr'>Ι,</span> <span class='ocrx_word' id='word_1_256' title='bbox 594 3962 653 4022; x_wconf 86' lang='grc'>119,</span> <span class='ocrx_word' id='word_1_257' title='bbox 666 3967 705 4015; x_wconf 85' lang='lat' dir='ltr'>De</span> <span class='ocrx_word' id='word_1_258' title='bbox 714 3963 869 4034; x_wconf 76' lang='lat' dir='ltr'>frequentis</span> <span class='ocrx_word' id='word_1_259' title='bbox 884 3961 1073 4029; x_wconf 78' lang='lat' dir='ltr'>Confessionis</span> <span class='ocrx_word' id='word_1_260' title='bbox 1085 3969 1109 4012; x_wconf 83' lang='lat' dir='ltr'>et</span> <span class='ocrx_word' id='word_1_261' title='bbox 1122 3957 1329 4012; x_wconf 84' lang='lat' dir='ltr'>Communionis</span> 
     </span>
     <span class='ocr_line' id='line_1_36' title="bbox 212 4032 1329 4101; baseline -0.005 -15"><span class='ocrx_word' id='word_1_262' title='bbox 212 4051 274 4094; x_wconf 83' lang='lat' dir='ltr'>usu,</span> <span class='ocrx_word' id='word_1_263' title='bbox 288 4034 365 4086; x_wconf 86' lang='lat' dir='ltr'>citato</span> <span class='ocrx_word' id='word_1_264' title='bbox 374 4053 491 4085; x_wconf 90' lang='lat' dir='ltr'>sermone</span> <span class='ocrx_word' id='word_1_265' title='bbox 506 4034 663 4086; x_wconf 85' lang='lat' dir='ltr'>Clichtovei:</span> <span class='ocrx_word' id='word_1_266' title='bbox 683 4055 697 4085; x_wconf 77' lang='lat' dir='ltr'>u</span> <span class='ocrx_word' id='word_1_267' title='bbox 713 4034 754 4086; x_wconf 93' lang='lat' dir='ltr'>Sic</span> <span class='ocrx_word' id='word_1_268' title='bbox 766 4035 898 4086; x_wconf 87' lang='lat' dir='ltr'>universos</span> <span class='ocrx_word' id='word_1_269' title='bbox 914 4033 1031 4084; x_wconf 91' lang='lat' dir='ltr'>homines</span> <span class='ocrx_word' id='word_1_270' title='bbox 1049 4032 1080 4083; x_wconf 92' lang='lat' dir='ltr'>ad</span> <span class='ocrx_word' id='word_1_271' title='bbox 1096 4032 1259 4101; x_wconf 86' lang='lat' dir='ltr'>frequentem</span> <span class='ocrx_word' id='word_1_272' title='bbox 1270 4049 1329 4081; x_wconf 92' lang='lat' dir='ltr'>con·</span> 
     </span>
     <span class='ocr_line' id='line_1_37' title="bbox 211 4103 1329 4173; baseline -0.004 -17"><span class='ocrx_word' id='word_1_273' title='bbox 211 4105 347 4157; x_wconf 83' lang='lat' dir='ltr'>fossionem</span> <span class='ocrx_word' id='word_1_274' title='bbox 361 4113 386 4157; x_wconf 89' lang='lat' dir='ltr'>et</span> <span class='ocrx_word' id='word_1_275' title='bbox 400 4107 610 4157; x_wconf 88' lang='lat' dir='ltr'>communionem</span> <span class='ocrx_word' id='word_1_276' title='bbox 623 4106 742 4157; x_wconf 90' lang='lat' dir='ltr'>hortatur</span> <span class='ocrx_word' id='word_1_277' title='bbox 752 4106 796 4157; x_wconf 88' lang='lat' dir='ltr'>illo</span> <span class='ocrx_word' id='word_1_278' title='bbox 811 4107 860 4167; x_wconf 85' lang='lat' dir='ltr'>vir,</span> <span class='ocrx_word' id='word_1_279' title='bbox 876 4105 1007 4157; x_wconf 87' lang='lat' dir='ltr'>habitusa</span> <span class='ocrx_word' id='word_1_280' title='bbox 1025 4103 1123 4155; x_wconf 85' lang='lat' dir='ltr'>cunctis</span> <span class='ocrx_word' id='word_1_281' title='bbox 1138 4104 1259 4173; x_wconf 91' lang='lat' dir='ltr'>optimus,</span> <span class='ocrx_word' id='word_1_282' title='bbox 1281 4121 1329 4153; x_wconf 88' lang='lat' dir='ltr'>an-</span> 
     </span>
     <span class='ocr_line' id='line_1_38' title="bbox 212 4174 1330 4247; baseline -0.004 -19"><span class='ocrx_word' id='word_1_283' title='bbox 212 4177 289 4247; x_wconf 91' lang='lat' dir='ltr'>tiquis</span> <span class='ocrx_word' id='word_1_284' title='bbox 304 4174 475 4228; x_wconf 79' lang='lat' dir='ltr'>Ecclesidrum</span> <span class='ocrx_word' id='word_1_285' title='bbox 492 4178 619 4246; x_wconf 87' lang='lat' dir='ltr'>magistris</span> <span class='ocrx_word' id='word_1_286' title='bbox 634 4178 790 4234; x_wconf 80' lang='lat' dir='ltr'>simillimus,</span> <span class='ocrx_word' id='word_1_287' title='bbox 810 4177 930 4228; x_wconf 90' lang='lat' dir='ltr'>omnibus</span> <span class='ocrx_word' id='word_1_288' title='bbox 949 4176 1046 4245; x_wconf 86' lang='lat' dir='ltr'>ingenii</span> <span class='ocrx_word' id='word_1_289' title='bbox 1067 4175 1265 4243; x_wconf 88' lang='lat' dir='ltr'>studiorumque</span> <span class='ocrx_word' id='word_1_290' title='bbox 1281 4174 1330 4224; x_wconf 92' lang='lat' dir='ltr'>do-</span> 
     </span>
     <span class='ocr_line' id='line_1_39' title="bbox 212 4244 1331 4319; baseline -0.004 -20"><span class='ocrx_word' id='word_1_291' title='bbox 212 4249 279 4300; x_wconf 86' lang='lat' dir='ltr'>tibus</span> <span class='ocrx_word' id='word_1_292' title='bbox 294 4249 511 4300; x_wconf 87' lang='lat' dir='ltr'>eminentissimus</span> <span class='ocrx_word' id='word_1_293' title='bbox 530 4249 653 4319; x_wconf 87' lang='lat' dir='ltr'>temporis</span> <span class='ocrx_word' id='word_1_294' title='bbox 668 4250 716 4309; x_wconf 87' lang='lat' dir='ltr'>sui,</span> <span class='ocrx_word' id='word_1_295' title='bbox 740 4249 786 4319; x_wconf 89' lang='lat' dir='ltr'>qui</span> <span class='ocrx_word' id='word_1_296' title='bbox 800 4268 882 4319; x_wconf 89' lang='lat' dir='ltr'>poeno</span> <span class='ocrx_word' id='word_1_297' title='bbox 902 4248 967 4298; x_wconf 93' lang='lat' dir='ltr'>nihil</span> <span class='ocrx_word' id='word_1_298' title='bbox 988 4249 1014 4298; x_wconf 96' lang='lat' dir='ltr'>in</span> <span class='ocrx_word' id='word_1_299' title='bbox 1035 4247 1087 4298; x_wconf 91' lang='lat' dir='ltr'>vita</span> <span class='ocrx_word' id='word_1_300' title='bbox 1106 4246 1155 4296; x_wconf 93' lang='lat' dir='ltr'>nisi</span> <span class='ocrx_word' id='word_1_301' title='bbox 1173 4244 1331 4296; x_wconf 87' lang='lat' dir='ltr'>laudandum</span> 
     </span>
     <span class='ocr_line' id='line_1_40' title="bbox 213 4316 1332 4390; baseline -0.004 -20"><span class='ocrx_word' id='word_1_302' title='bbox 213 4327 255 4372; x_wconf 90' lang='lat' dir='ltr'>aut</span> <span class='ocrx_word' id='word_1_303' title='bbox 269 4320 337 4379; x_wconf 87' lang='lat' dir='ltr'>fecit,</span> <span class='ocrx_word' id='word_1_304' title='bbox 354 4327 398 4371; x_wconf 88' lang='lat' dir='ltr'>aut</span> <span class='ocrx_word' id='word_1_305' title='bbox 412 4322 520 4390; x_wconf 84' lang='lat' dir='ltr'>scripsit,</span> <span class='ocrx_word' id='word_1_306' title='bbox 542 4329 587 4372; x_wconf 85' lang='lat' dir='ltr'>aut</span> <span class='ocrx_word' id='word_1_307' title='bbox 601 4321 688 4372; x_wconf 90' lang='lat' dir='ltr'>sensit.</span> <span class='ocrx_word' id='word_1_308' title='bbox 705 4351 739 4359; x_wconf 91' lang='lat'>—</span> <span class='ocrx_word' id='word_1_309' title='bbox 755 4321 836 4372; x_wconf 85' lang='lat' dir='ltr'>Porro</span> <span class='ocrx_word' id='word_1_310' title='bbox 851 4320 947 4371; x_wconf 89' lang='lat' dir='ltr'>librum</span> <span class='ocrx_word' id='word_1_311' title='bbox 963 4322 1123 4371; x_wconf 83' lang='lat' dir='ltr'>Sermonum</span> <span class='ocrx_word' id='word_1_312' title='bbox 1145 4316 1288 4368; x_wconf 86' lang='lat' dir='ltr'>Clichtovei</span> <span class='ocrx_word' id='word_1_313' title='bbox 1301 4334 1332 4367; x_wconf 86' lang='lat' dir='ltr'>ex</span> 
     </span>
     <span class='ocr_line' id='line_1_41' title="bbox 213 4388 1330 4462; baseline -0.004 -19"><span class='ocrx_word' id='word_1_314' title='bbox 213 4399 282 4460; x_wconf 86' lang='lat' dir='ltr'>parte</span> <span class='ocrx_word' id='word_1_315' title='bbox 294 4391 353 4442; x_wconf 87' lang='lat' dir='ltr'>Fac.</span> <span class='ocrx_word' id='word_1_316' title='bbox 370 4391 420 4443; x_wconf 94' lang='lat' dir='ltr'>Th.</span> <span class='ocrx_word' id='word_1_317' title='bbox 436 4393 579 4462; x_wconf 89' lang='lat' dir='ltr'>probarunt</span> <span class='ocrx_word' id='word_1_318' title='bbox 595 4395 637 4444; x_wconf 73' lang='grc' dir='ltr'>4υΓ</span> <span class='ocrx_word' id='word_1_319' title='bbox 649 4393 773 4444; x_wconf 90' lang='lat' dir='ltr'>Doctores</span> <span class='ocrx_word' id='word_1_320' title='bbox 786 4392 952 4450; x_wconf 87' lang='lat' dir='ltr'>meritissimi,</span> <span class='ocrx_word' id='word_1_321' title='bbox 966 4390 1111 4459; x_wconf 86' lang='lat' dir='ltr'>Stephanus</span> <span class='ocrx_word' id='word_1_322' title='bbox 1122 4389 1238 4447; x_wconf 87' lang='lat' dir='ltr'>Loretus,</span> <span class='ocrx_word' id='word_1_323' title='bbox 1255 4388 1330 4439; x_wconf 84' lang='lat' dir='ltr'>loan.</span> 
     </span>
     <span class='ocr_line' id='line_1_42' title="bbox 216 4459 1334 4532; baseline -0.004 -19"><span class='ocrx_word' id='word_1_324' title='bbox 216 4461 350 4521; x_wconf 84' lang='lat' dir='ltr'>Gillainus,</span> <span class='ocrx_word' id='word_1_325' title='bbox 369 4462 440 4514; x_wconf 90' lang='lat' dir='ltr'>Guil.</span> <span class='ocrx_word' id='word_1_326' title='bbox 464 4463 584 4515; x_wconf 87' lang='lat' dir='ltr'>Villerius</span> <span class='ocrx_word' id='word_1_327' title='bbox 603 4471 628 4514; x_wconf 90' lang='lat' dir='ltr'>et</span> <span class='ocrx_word' id='word_1_328' title='bbox 643 4464 741 4515; x_wconf 80' lang='lat' dir='ltr'>Alanus</span> <span class='ocrx_word' id='word_1_329' title='bbox 757 4462 904 4519; x_wconf 74' lang='lat' dir='ltr'>Guelferus,</span> <span class='ocrx_word' id='word_1_330' title='bbox 927 4463 972 4532; x_wconf 90' lang='lat' dir='ltr'>qui</span> <span class='ocrx_word' id='word_1_331' title='bbox 991 4462 1089 4512; x_wconf 92' lang='lat' dir='ltr'>librum</span> <span class='ocrx_word' id='word_1_332' title='bbox 1109 4459 1241 4530; x_wconf 88' lang='lat' dir='ltr'>probando</span> <span class='ocrx_word' id='word_1_333' title='bbox 1256 4476 1334 4510; x_wconf 91' lang='lat' dir='ltr'>suum</span> 
     </span>
     <span class='ocr_line' id='line_1_43' title="bbox 217 4530 1334 4605; baseline -0.001 -23"><span class='ocrx_word' id='word_1_334' title='bbox 217 4534 330 4586; x_wconf 85' lang='lat' dir='ltr'>fecerunt</span> <span class='ocrx_word' id='word_1_335' title='bbox 347 4542 372 4586; x_wconf 87' lang='lat' dir='ltr'>et</span> <span class='ocrx_word' id='word_1_336' title='bbox 390 4543 558 4587; x_wconf 89' lang='lat' dir='ltr'>memoratam</span> <span class='ocrx_word' id='word_1_337' title='bbox 576 4535 607 4586; x_wconf 92' lang='lat' dir='ltr'>de</span> <span class='ocrx_word' id='word_1_338' title='bbox 627 4536 756 4605; x_wconf 86' lang='lat' dir='ltr'>frequenti</span> <span class='ocrx_word' id='word_1_339' title='bbox 776 4534 934 4586; x_wconf 89' lang='lat' dir='ltr'>confossione</span> <span class='ocrx_word' id='word_1_340' title='bbox 948 4541 973 4586; x_wconf 88' lang='lat' dir='ltr'>ct</span> <span class='ocrx_word' id='word_1_341' title='bbox 990 4532 1173 4585; x_wconf 90' lang='lat' dir='ltr'>communione</span> <span class='ocrx_word' id='word_1_342' title='bbox 1188 4530 1334 4582; x_wconf 88' lang='lat' dir='ltr'>doctrinam</span> 
     </span>
     <span class='ocr_line' id='line_1_44' title="bbox 218 4605 418 4660; baseline -0.005 -4"><span class='ocrx_word' id='word_1_343' title='bbox 218 4605 388 4660; x_wconf 85' lang='lat' dir='ltr'>vindicarunt.</span> <span class='ocrx_word' id='word_1_344' title='bbox 405 4626 418 4655; x_wconf 82' lang='lat' dir='ltr'>n</span> 
     </span>
    </p>
   </div>
   <div class='ocr_carea' id='block_1_4' title="bbox 1186 4712 1203 4766">
    <p class='ocr_par' dir='ltr' id='par_1_6' title="bbox 1186 4712 1203 4766">
     <span class='ocr_line' id='line_1_45' title="bbox 1186 4712 1203 4766; baseline 0 0"><span class='ocrx_word' id='word_1_345' title='bbox 1186 4712 1203 4766; x_wconf 80' lang='lat'>6</span> 
     </span>
    </p>
   </div>
   <div class='ocr_carea' id='block_1_5' title="bbox 0 0 1557 5422">
    <p class='ocr_par' dir='ltr' id='par_1_7' title="bbox 0 0 1557 5422">
     <span class='ocr_line' id='line_1_46' title="bbox 0 0 1557 5422; baseline 0 0"><span class='ocrx_word' id='word_1_346' title='bbox 0 0 1557 5422; x_wconf 95' lang='lat' dir='ltr'> </span> 
     </span>
    </p>
   </div>
  </div>
 </body>
</html>
