3074 5422
615 435 754 495 -5-

127 587 224 649 tateS,
242 570 456 644 Florentiam,
480 570 637 641 Paduam,
656 569 802 657 Papiam,
826 572 972 645 Romam,
992 568 1159 646 VenetiaS,
1177 569 1243 632 fue·

127 684 176 735 rat
203 671 352 733 miratus.
376 668 426 731 lbi
447 667 652 730 familiariter
671 667 778 731 fuerat
801 667 996 741 collocutuS,
1024 689 1091 729 non
1113 679 1242 730 tantum

125 794 199 834 cum
230 767 364 832 advenis
386 766 583 842 illustribus,
606 778 641 828 ut
670 765 801 855 anglico
836 766 1021 829 Cuthberto
1055 765 1239 842 'l'unstallo,

125 868 183 931 scd
199 880 320 930 etcum
337 863 539 928 doctissimis
561 864 780 951 quibustuae
807 862 1012 952 gloriabatur
1034 861 1125 925 ltalia
1148 862 1239 943 viris,

125 966 264 1039 scilicet,
287 963 512 1038 Venetiarum,
535 986 609 1024 cum
635 961 720 1025 aldo
742 961 904 1038 Manutio,
932 960 1055 1023 celebri
1084 974 1243 1050 typogra-

124 1065 203 1150 pho,
242 1075 274 1125 ct
302 1059 476 1124 Hermolao
507 1061 652 1123 Barbara
684 1060 837 1146 patricio,
869 1083 942 1122 cum
970 1057 1059 1121 ltlier.
1096 1060 1239 1134 Donato,

124 1164 223 1224 Petro
244 1158 423 1232 Pascalico‚
441 1157 536 1223 Vino.
561 1156 730 1239 Quirin0¹,
750 1170 782 1220 et
802 1157 893 1234 alibi,
911 1180 984 1220 cum
1005 1155 1134 1246 Angelo
1152 1156 1241 1219 Poli-

122 1259 224 1336 tiano,
238 1256 387 1321 Marsilio
402 1255 531 1332 Fieino,
546 1256 623 1319 Pico
636 1254 884 1331 deMirandula,
902 1257 1126 1341 llermonymo
1143 1255 1241 1341 Spar·

123 1357 213 1420 tiate.
254 1353 444 1418 Aristotelis
476 1353 691 1440 Platonisque
729 1365 921 1430 sectatores,
967 1365 1046 1415 tunc
1085 1352 1183 1418 inter.
1205 1377 1240 1416 se

125 1455 264 1518 maxime
286 1452 506 1539 disputantes,
525 1451 653 1538 aequali
669 1451 779 1514 studio
801 1451 1078 1538 frequentaverat,
1101 1461 1133 1513 et
1143 1449 1183 1513 ab
1199 1451 1240 1514 iis

122 1553 235 1640 plures
250 1563 358 1615 textus
378 1559 525 1639 graecos
541 1548 729 1613 Aristotelis
750 1548 790 1612 ad
811 1573 905 1612 usum
931 1547 1117 1612 scholarum
1144 1548 1241 1638 galli-

122 1674 233 1714 carum
248 1660 431 1736 acceperat.
449 1650 540 1711 Inter
555 1660 695 1724 caetera,
714 1647 893 1734 exemplar,
907 1646 1077 1734 quoderat
1092 1646 1238 1724 unicum,

121 1746 348 1812 translationis
368 1744 672 1832 bletaphysicorum
698 1745 888 1808 Aristotelis
910 1769 926 1807 a
947 1743 1143 1808 Bessarione
1169 1768 1240 1807 oar-

122 1845 233 1909 dinale
254 1870 271 1908 e
291 1868 410 1932 gracco
432 1843 547 1919 factae,
566 1841 662 1905 Picus
678 1843 719 1906 de
735 1842 922 1906 Mirandula
940 1842 970 1905 ei
986 1840 1135 1907 dederat.

169 1947 255 2006 llaec
276 1941 502 2032 peregrinatio
523 1941 694 2003 maximam
711 1941 866 2005 omnibus
883 1941 967 2003 intra
989 1939 1114 2003 Gallias
1139 1940 1240 2004 movit

122 2041 374 2104 admirationem
390 2053 423 2103 ct
444 2039 538 2128 quasi
568 2052 705 2102 eventus
735 2039 869 2102 omnino
901 2038 1026 2102 faustus
1046 2038 1158 2101 habita
1175 2052 1237 2102 cst.

123 2143 219 2204 Juxta
244 2138 376 2210 multos,
403 2137 477 2224 plus
503 2161 608 2224 aequo
628 2137 736 2201 Fabro
763 2136 873 2200 forsan
894 2136 1092 2214 tribuentes,
1120 2136 1240 2200 scolas-

122 2239 207 2301 ticae
223 2235 388 2301 barbariei
409 2234 522 2298 linem²
538 2248 570 2298 et
594 2235 688 2323 quasi
717 2234 857 2322 primam
884 2234 1068 2298 litterarum
1102 2259 1240 2298 renova-

120 2336 257 2410 tionem,
286 2335 353 2397 visa
381 2347 431 2398 est
463 2333 626 2397 intulisse.
646 2332 840 2418 Camperius
872 2332 1116 2421 LugdunensiS,
1153 2356 1239 2395 anno

124 2435 221 2511 1507,
256 2445 290 2496 et
313 2432 533 2519 Hieronymus
557 2431 742 2518 Papiensis,
778 2454 864 2493 anno
904 2431 1001 2508 1511,
1033 2429 1240 2494 affirmabant

121 2532 264 2594 Fabrum
302 2529 488 2593 traduxisse
515 2528 555 2592 ad
591 2528 705 2592 Gallos
730 2527 916 2591 litterarum
947 2528 1125 2591 scintillam
1154 2553 1238 2616 quae

121 2643 212 2693 trans
233 2628 334 2714 Alpes
357 2626 516 2716 fulgebat.
540 2629 610 2690 lmo
625 2627 706 2690 hacc
736 2625 963 2716 peregrinatio
986 2626 1238 2714 supramodum

122 2751 138 2789 a
155 2726 298 2815 posteris
314 2726 441 2790 laudata
464 2739 525 2803 est,
547 2750 618 2789 cuni
635 2724 768 2813 quidam
785 2725 1045 2788 existimaverint
1060 2725 1238 2810 Stapulen-

122 2850 202 2902 sem,
222 2849 288 2888 non
307 2836 434 2888 tantum
456 2823 593 2901 ltaliam,
613 2824 671 2887 sed
692 2824 790 2887 etiam
806 2821 950 2886 Africam
968 2836 1000 2886 et
1020 2822 1143 2899 Asiam,
1167 2846 1237 2911 per·

121 2924 290 3001 lustrasse,
309 2935 407 3011 atque
424 2923 457 2986 in
473 2922 525 2985 his
539 2922 743 3011 regionibuS,
762 2945 890 3009 graeca,
909 2921 1022 2998 latina,
1038 2921 1194 2984 hebraica
1206 2933 1239 2984 et

121 3020 289 3084 chaldaica
311 3020 464 3084 idiomata
485 3020 646 3083 hausisse.

165 3122 252 3182 llaec
267 3117 365 3182 Fabri
382 3117 465 3181 fama
482 3119 664 3208 augebatur
676 3142 716 3180 cx
724 3117 894 3204 Magistris
910 3117 1100 3181 celebribus
1116 3117 1238 3204 quibus

120 3216 255 3280 Parisiis
272 3240 350 3279 usus
372 3215 494 3293 fuerat;
513 3215 676 3303 siquidem
697 3216 738 3278 ab
755 3217 977 3302 Hermonymo
991 3215 1156 3302 Spartiate
1172 3227 1238 3278 eta

121 3314 222 3377 Paulo
244 3312 362 3377 Emilio
384 3313 529 3402 linguam
546 3337 710 3404 graecam,
737 3337 754 3375 a
784 3313 906 3376 Jacobo
927 3313 1066 3376 Labinio
1085 3325 1117 3376 et
1143 3337 1160 3375 a
1182 3314 1237 3376 la-

119 3538 197 3589 libros
216 3536 336 3607 Physicos
349 3537 493 3588 Aristotelis
508 3536 607 3587 edebat.
624 3535 659 3588 At
678 3536 743 3587 eirca
768 3537 933 3595 1488-1489,
951 3536 1051 3588 ltaliam
1073 3536 1238 3606 perlustrasse

119 3609 241 3660 dicendus
258 3615 305 3660 est.
328 3608 431 3660 Etenim
451 3609 477 3658 in
500 3615 611 3678 quatuor
632 3608 738 3675 dialogis
757 3608 949 3658 introductoriis
969 3607 1000 3659 ad
1025 3608 1234 3679 Metaplrysicam,

119 3700 186 3731 anno
202 3682 280 3739 1490,
291 3679 352 3730 dicit
367 3679 448 3731 Faber
462 3678 495 3732 G.
512 3679 668 3731 Gonterium
683 3680 729 3749 ipsi
740 3679 816 3730 luisse
828 3679 949 3730 comitem
962 3680 988 3730 in
1003 3679 1084 3731 ltalia.
1102 3680 1170 3732 llaec
1181 3681 1237 3750 jarn

120 3752 220 3803 Leclerc
230 3752 453 3804 animadverterat.
466 3750 588 3802 Ceterum
603 3750 635 3802 de
649 3750 743 3802 Jacobo
758 3751 777 3801 F
779 3750 842 3801 abro
857 3750 895 3802 St.
915 3751 1003 3802 confer
1015 3752 1177 3823 Repertot're
1188 3752 1237 3804 des

122 3828 239 3875 Soarces
253 3823 319 3875 hist.
336 3821 374 3874 da
388 3824 572 3892 Mojen-Age.

156 3897 179 3946 1.
201 3896 235 3945 In
249 3892 382 3958 Politice,
401 3895 478 3946 1505.

155 3969 179 4016 2.
201 3965 348 4015 Notandum
364 3965 419 4034 jam
438 3964 533 4035 pluries
550 3964 577 4014 in
596 3963 696 4014 saeculo
712 3963 812 4014 decimo
830 3970 923 4034 quarto
941 3972 967 4016 ot
983 3965 1075 4035 quinto
1095 3965 1191 4017 litteras
1210 3967 1237 4017 in

120 4035 203 4087 Gallia
216 4037 339 4106 accepisse
349 4054 442 4104 magna
456 4055 486 4086 ex
496 4036 567 4086 ltalia
581 4035 741 4086 incrementa
753 4043 834 4086 aetate
845 4036 922 4086 simul
936 4044 962 4087 et
976 4056 1053 4107 opera
1067 4038 1119 4087 sivo
1131 4037 1237 4088 Joaunis

120 4108 149 4158 de
165 4108 332 4158 Nlonsterolio
345 4107 538 4176 (135'1-1418),
553 4107 604 4157 sire
615 4106 709 4157 Nicolai
718 4107 749 4157 de
760 4107 916 4175 Clamongiis
925 4107 955 4176 (l
966 4127 990 4158 v.
1006 4107 1096 4176 1434).
1112 4108 1150 4159 Do
1160 4109 1237 4160 loan-

120 4180 157 4229 nis
171 4179 203 4229 ‹le
218 4179 384 4229 Monsterolio
397 4179 447 4229 vita
460 4186 486 4229 ct
499 4178 618 4247 operibus
634 4177 727 4228 diserte
741 4178 863 4230 dissertus
877 4186 915 4229 est
934 4179 995 4230 Ant.
1015 4179 1036 4229 T
1038 4180 1136 4237 homas,
1152 4183 1235 4241 188&

120 4250 150 4300 de
163 4249 265 4300 Nicolao
284 4250 315 4300 de
330 4249 486 4317 Clamengiis
501 4249 625 4300 nonnulla
644 4250 731 4317 magni
747 4251 823 4318 pretii
839 4251 955 4302 dicturus
974 4257 1011 4302 est
1025 4251 1057 4302 R.
1080 4251 1110 4301 P.
1125 4250 1235 4311 Donido,

121 4321 152 4372 0.
169 4322 188 4372 F
193 4362 197 4370 .
215 4320 259 4371 Pr.
276 4321 302 4371 in
318 4322 348 4372 3ο
367 4319 542 4372 Clrnrtularii
560 4320 757 4372 Universitatis
767 4321 942 4373 Parisiensis
953 4328 1032 4372 tomo.
1044 4322 1114 4373 Bella
1128 4323 1237 4373 transal-

121 4393 178 4462 pina
193 4391 279 4443 Caroli
294 4391 391 4450 Octavi,
408 4410 473 4461 quae
487 4399 601 4461 tempore
615 4391 755 4442 Cliclrtovei
765 4393 936 4443 recentissima
946 4399 1028 4451 erant,
1041 4393 1171 4444 saniorum
1181 4401 1236 4444 stu-

121 4465 223 4514 diorum
231 4464 419 4533 amorcmapud
424 4470 523 4514 nostros
530 4463 708 4514 excitaverant.
718 4462 856 4514 Caeterum
865 4465 1128 4534 numquamdeluerat
1136 4465 1237 4534 penitus

122 4536 266 4586 litterarum
278 4535 374 4586 cultus:
389 4542 415 4586 ot
426 4535 502 4586 etiam
515 4542 574 4585 anto
583 4534 696 4585 Fabrum
711 4553 762 4584 non
778 4535 843 4585 nulli
857 4543 930 4586 erant
945 4536 993 4586 viri
1008 4537 1073 4586 veris
1087 4537 1176 4586 litteris
1189 4537 1236 4587 im·

123 4606 186 4666 buti,
197 4606 356 4667 Frenandus,
366 4606 468 4664 scilicet,
485 4606 618 4660 Rauliuus.
636 4605 791 4657 Guillclmus
806 4607 935 4666 Fichctus,
950 4607 1077 4659 Roliertus
1092 4607 1234 4676 Gaguinus.
