3074 5422
691 425 829 486 ..9..

204 562 457 650 intorquebant,
488 573 524 625 ut
552 562 659 626 serent
686 562 784 640 vires,
814 585 1046 648 responsurus.
1077 565 1226 643 Quorum
1251 560 1321 648 pri-

205 685 292 723 mum
322 674 358 724 ut
382 659 574 750 aggrediar,
598 660 828 723 conclusiones
852 683 940 722 meas
967 658 1169 747 principales
1198 671 1230 722 et
1254 658 1319 721 illis

205 758 405 823 accessorius
427 771 524 844 atque
544 758 785 845 appenditicias
811 771 899 821 certa
921 757 1006 820 serie
1027 757 1180 846 digerere
1201 781 1319 846 aggre-

205 856 290 933 dior,
317 869 506 943 protestans
529 867 637 919 tamen
663 880 713 918 me
738 855 820 918 nihil
844 868 968 918 temere
995 867 1109 918 contra
1138 854 1319 918 catholicae

206 953 283 1017 fidei
309 954 546 1031 sinceritatem,
569 966 682 1017 contra
707 953 874 1017 Ecclesiae
899 953 1181 1041 probatorumque
1201 955 1318 1016 Docto·

206 1076 279 1114 rum
307 1050 628 1130 determinationem,
661 1067 875 1115 asserturum.
907 1050 1004 1131 Quod
1031 1052 1057 1114 si
1083 1049 1163 1139 quid
1190 1063 1316 1126 contra,

206 1149 337 1213 levitate
353 1149 485 1239 linguae
502 1162 557 1213 aut
570 1148 684 1238 judieii
706 1149 902 1236 obliquitate
919 1161 1016 1236 atque
1032 1173 1143 1212 errore
1160 1147 1320 1211 exciderit

206 1271 262 1310 ore
279 1271 363 1325 meo,
386 1247 438 1310 his
458 1248 590 1335 quaein
612 1247 833 1310 sacratissima
853 1246 917 1309 fide
938 1248 1076 1332 probata
1092 1259 1179 1324 sunt,
1198 1246 1231 1309 id
1246 1259 1319 1308 tan-

205 1370 304 1433 quam
325 1369 390 1408 non
411 1346 534 1409 dictum
555 1345 670 1408 haberi
691 1358 723 1408 et
743 1358 777 1408 ut
802 1368 890 1407 nunc
909 1357 1097 1408 revocatum
1119 1344 1205 1407 sacili
1225 1343 1319 1407 venia

206 1443 332 1506 aboleri
353 1443 506 1507 obnixius
527 1468 597 1507 oro.
623 1469 639 1503 »

251 1542 419 1606 Posterior
439 1542 588 1630 quaestio
610 1542 692 1604 haec
712 1552 782 1604 erat
800 1566 806 1602 ε
831 1568 847 1602 «
877 1543 991 1606 Utrum
1011 1540 1128 1604 viatori
1148 1540 1189 1603 ad
1213 1553 1320 1604 aeter-

205 1663 280 1702 nam
307 1639 446 1703 salutem
469 1637 736 1727 consequendam
762 1639 966 1702 necessarius
991 1639 1033 1701 sit
1063 1638 1274 1726 baptismus?
1302 1664 1318 1698 »

205 1739 246 1800 Et
266 1737 477 1801 evolvebatur
498 1737 616 1800 iisdem
637 1737 704 1799 fere
725 1737 875 1800 terminis
896 1761 933 1799 ac
953 1736 1055 1822 prior.

251 1838 332 1899 'l'res
343 1858 446 1898 annos
471 1835 682 1920 (1502-1505)
706 1835 915 1898 Cliehtoveus
932 1835 1138 1922 consumpsit
1159 1834 1191 1896 in
1203 1834 1319 1897 lectio-

205 1933 305 1996 nibus
335 1932 541 2020 diversisque
569 1932 852 2019 disputationibus
877 1956 960 2019 quac
995 1932 1066 1995 heri
1095 1925 1246 1995 solebant
1279 1931 1320 1994 ad

205 2031 373 2094 licentiam
393 2031 632 2094 obtinendam:
659 2030 746 2093 inter
767 2054 847 2117 quas
872 2029 1002 2093 citanda
1028 2042 1078 2093 est
1097 2031 1222 2116 Magno
1249 2031 1320 2116 ejus

206 2130 402 2209 Ordinatio,
428 2153 537 2216 quam,
560 2140 702 2192 testante
728 2126 902 2205 Launoio¹,
927 2129 960 2191 in
984 2127 1127 2218 collegio
1149 2128 1320 2192 Sorbonae

206 2227 376 2304 sustinuit,
408 2227 678 2314 revocandosque
704 2226 800 2289 etiam
825 2226 959 2289 ultimus
986 2249 1113 2301 cursus,
1140 2250 1253 2313 quem,
1285 2238 1321 2288 ut

208 2324 419 2388 Cliehtoveus
446 2324 516 2411 ipsc
546 2336 685 2388 testatur
712 2323 745 2386 in
769 2324 876 2411 primo
901 2323 1039 2410 alicujus
1068 2348 1107 2386 ex
1131 2323 1226 2387 libris
1254 2321 1320 2386 suis

205 2421 318 2500 foliol,
336 2425 370 2485 3a
386 2424 500 2485 martis
517 2424 614 2500 1506,
632 2421 781 2508 perfecit.
802 2422 860 2485 llis
876 2422 1003 2485 actibus
1017 2421 1149 2484 tandem
1165 2420 1317 2508 expletis,

205 2544 223 2583 a
240 2519 446 2584 Cancellario
462 2520 628 2583 Ecclesiae
642 2519 838 2582 Parisiensis
854 2532 1007 2582 evocatus
1024 2532 1073 2583 est
1093 2518 1132 2581 ad
1153 2517 1319 2581 licentiam

207 2617 361 2693 docendi,
385 2642 521 2705 eamque
542 2616 658 2681 ordine
680 2617 788 2681 meriti
810 2629 901 2680 sexto
916 2617 1020 2708 gradu
1041 2614 1198 2702 accepit³.

242 2823 266 2872 1.
288 2820 371 2889 Regii
385 2821 532 2872 Navarrae
551 2819 695 2890 Gynumsii
709 2821 804 2872 Paris.
822 2820 953 2880 historia,
971 2841 996 2891 p.
1014 2824 1075 2875 609.

242 2895 266 2943 2.
290 2891 455 2963 hadulphus
467 2890 502 2943 de
519 2891 656 2952 «basconia,
673 2891 740 2944 Bibl.
756 2892 849 2942 Mazar.
867 2895 963 2945 35980.

241 2967 266 3016 3.
289 2963 328 3014 En
347 2963 438 3014 seriem
462 2962 651 3014 licentiatorum
672 2963 808 3014 scolarium
830 2982 889 3014 cum
908 2963 1065 3023 Cliehtoveo,
1084 2983 1114 3015 ex
1131 2964 1216 3016 codice
1235 2965 1265 3015 B.
1287 2964 1317 3015 N.

204 3035 223 3085 1.
241 3035 313 3086 latin.
330 3037 425 3087 15440.

277 3109 300 3158 1.
323 3106 359 3157 M.
376 3106 510 3175 Philippus
525 3103 640 3164 Grivelli‚
658 3104 822 3157 Sorbonicus.

276 3179 300 3228 2.
323 3177 352 3227 F.
370 3177 429 3230 Joh.
447 3177 478 3228 de
493 3176 613 3236 Fenurio,
628 3177 715 3247 praed.
733 3195 840 3246 praeses.

276 3250 300 3300 3.
323 3249 359 3301 M.
376 3249 450 3300 loun.
475 3248 559 3317 Major
581 3247 680 3307 Scotus,
702 3248 733 3299 de
752 3249 858 3317 collegio
873 3248 996 3300 Montano
1015 3249 1064 3309 vel,
1076 3250 1151 3319 juxta
1164 3249 1318 3310 Launoium,

204 3319 363 3372 Navarrieus.

277 3393 301 3442 1.
323 3391 359 3444 M.
377 3390 441 3440 Lud.
459 3390 567 3440 Pithois.

275 3464 300 3514 5.
323 3463 359 3514 M.
376 3461 456 3512 Nicol.
474 3461 576 3522 Clerici,
592 3460 722 3512 Sorbonae
736 3462 816 3531 prior,
833 3462 963 3532 quondam
980 3463 1092 3514 decanus
1107 3462 1250 3514 Facultatis.

275 3537 299 3586 6.
322 3533 358 3583 Μ.
374 3533 465 3584 Judoc.
483 3532 655 3594 Cliehtoveus,
670 3533 828 3584 Navarricus.

277 3608 301 3657 7.
324 3605 359 3657 M.
376 3604 429 3655 Jac.
448 3604 653 3663 Bartholomeus‚
672 3604 801 3656 Sorbonao
813 3606 892 3675 prior.

295 3717 300 3726 .
322 3676 359 3726 M.
377 3675 468 3726 Franc.
485 3675 516 3726 de
532 3677 673 3736 Boauvoau,
691 3676 784 3727 minor.

295 3787 300 3797 .
322 3747 359 3797 M.
375 3747 471 3797 Julian.
488 3746 604 3798 Eschart.

295 3859 299 3868 .
321 3818 358 3868 M.
374 3817 486 3868 Thomas
501 3818 614 3869 Favorel.

294 3930 299 3940 .
321 3889 357 3939 M.
375 3888 447 3940 Hier.
462 3888 493 3940 de
508 3889 620 3941 Aranda.

294 4001 299 4010 .
321 3960 357 4010 M.
375 3960 449 4010 Joan.
467 3961 501 4011 Le
514 3960 618 4019 Carnus,
635 3980 665 4011 ox
681 3960 787 4028 collegio
802 3961 903 4013 Retteo.

292 4069 300 4085 .
321 4031 357 4081 M.
375 4031 450 4082 Joan.
467 4032 498 4082 dc
511 4032 628 4102 Hestray.
646 4031 803 4083 Navarricus.

293 4144 298 4155 .
321 4103 356 4155 M.
372 4102 462 4154 Franc.
478 4103 509 4153 de
523 4104 605 4173 Rupe,
624 4103 804 4154 Benedictinus
816 4104 877 4174 Maj.
894 4104 964 4154 Mon.

293 4214 298 4224 .
321 4173 351 4224 F.
368 4173 442 4225 Joan.
459 4173 490 4226 de
505 4175 632 4235 Morterii,
649 4175 818 4244 Augustinus.

275 3677 290 3728 8

275 3749 291 3798 9

258 3820 289 3871 10

257 3892 288 3940 11

257 3962 289 4010 12

257 4033 289 4083 13

257 4104 289 4153 14

257 4175 288 4225 15
