3074 5422
787 429 946 489 ...76-

310 564 464 651 aequoris
480 564 600 627 herbas
617 563 859 652 queritabuut¹.
881 590 897 624 u
916 564 1090 650 Objieiunt
1110 564 1238 651 praxim
1261 563 1430 627 Ecclesiae

310 686 394 749 quae
416 664 476 725 hos
504 675 613 725 cantat
636 662 828 726 versiculos.
851 663 1043 749 Respondet
1063 662 1237 750 allegando
1263 662 1430 726 Ecclesias

309 759 344 822 in
369 759 489 847 quibus
515 784 581 823 non
597 774 782 824 cantantur.
809 763 958 846 Insuper,
991 760 1163 824 contendit
1187 760 1369 824 Ecclesiam
1396 761 1430 823 iu

311 857 442 946 liturgia
462 857 586 945 aliquid
608 857 724 922 salsum
742 859 915 922 admittere
938 882 1035 944 posse
1054 859 1280 945 hypothetice,
1303 858 1431 922 seilicet

310 955 416 1019 donec
430 955 555 1019 falsitas
571 969 739 1043 arguatur.
763 959 830 1020 Nec
851 957 965 1019 haeret
982 956 1082 1045 longo
1100 957 1171 1019 usui
1188 956 1428 1033 ecclesiastico,

311 1054 386 1141 quia
412 1067 542 1141 tempus
569 1053 651 1117 illud
676 1055 765 1140 quod
791 1067 840 1117 est
869 1067 982 1117 contra
1010 1055 1183 1118 veritatem
1207 1054 1338 1117 lirmare
1364 1078 1430 1117 non

311 1164 440 1239 potest:
468 1176 529 1215 nec
557 1152 619 1238 ipsi
648 1151 722 1215 lidei
749 1151 946 1239 populorum
973 1151 1131 1216 attendit:
1157 1152 1231 1238 quia
1261 1176 1359 1239 saepe
1381 1165 1432 1215 est

311 1249 489 1314 indiscreta
511 1251 739 1337 approbatque
760 1250 986 1336 vituperanda.

358 1348 450 1412 [laud
464 1349 559 1412 aliter
570 1348 722 1436 procedit
734 1349 766 1411 in
779 1349 1004 1412 controversia
1018 1348 1131 1412 'l'rium
1142 1348 1428 1437 Magdalenarum.

313 1447 472 1511 Standum
495 1470 567 1509 esse
588 1446 760 1510 contendit
783 1445 961 1535 Evangelio
988 1471 1048 1533 per
1069 1446 1215 1532 seipsum
1236 1459 1268 1510 et
1303 1471 1362 1533 per
1379 1471 1432 1510 ra-

310 1544 434 1607 tionem
451 1543 627 1630 explicato,
644 1567 705 1607 nec
720 1543 958 1608 attendendum
973 1544 1140 1621 Patribus,
1155 1544 1322 1634 liturgiae,
1340 1544 1433 1631 vulgi

311 1642 526 1730 opinionibus
547 1655 602 1705 aut
623 1642 846 1705 Ecclesiarum
872 1641 1133 1728 particularium.
1164 1643 1285 1728 Utique
1316 1643 1433 1705 Patres

311 1753 386 1828 post
403 1740 601 1830 Gregorium
619 1741 750 1804 unicam
763 1739 993 1826 Magdalcnam
1010 1753 1174 1815 asserunt,
1189 1740 1334 1803 sedante
1352 1743 1433 1804 Gre-

311 1838 442 1929 gorium
463 1837 629 1924 triplicem
651 1838 820 1901 colebant:
844 1837 898 1900 alii
915 1837 987 1901 aliis
1009 1837 1253 1914 contradicunt,
1276 1838 1371 1901 etde
1392 1838 1434 1901 iis

312 1960 427 2023 parum
448 1937 640 2013 curandum,
672 1950 727 1999 aut
754 1936 781 1999 si
812 1936 853 1999 de
885 1935 1050 2022 aliquibus
1078 1935 1230 1999 habenda
1260 1935 1302 1998 sit
1332 1937 1432 2013 ratio,

312 2035 523 2122 potissimum
539 2033 579 2096 de
596 2033 841 2122 antiquioribus
858 2034 1030 2098 habeatur.
1055 2036 1230 2097 Caeterum
1248 2034 1434 2123 Gregorius

312 2132 383 2220 ipse
398 2132 523 2219 pluries
538 2133 571 2194 in
590 2156 736 2195 errorem
755 2131 883 2195 incidit.
905 2132 1052 2219 Liturgia
1068 2144 1197 2194 tantum
1213 2131 1310 2208 valet,
1329 2155 1434 2220 quan-

311 2242 381 2293 tum
412 2229 515 2317 ipsius
543 2242 678 2305 auct0r;
710 2229 822 2317 plures
852 2254 924 2292 esse
955 2229 1139 2293 mediocres
1171 2229 1325 2319 liturgiae
1355 2253 1435 2292 auc-

312 2340 402 2391 tores
418 2327 518 2391 etiam
541 2327 688 2391 Ecclesia
710 2326 858 2390 consessa
876 2326 948 2403 luit,
966 2351 1067 2414 quum
1090 2329 1122 2390 iu
1139 2327 1281 2390 concilio
1298 2330 1435 2391 Latera-

313 2424 407 2488 nensi
427 2425 621 2488 Cardinales
642 2425 846 2488 commiserit
861 2424 901 2487 ad
918 2425 1072 2515 liturgiae
1089 2425 1382 2488 reformationem:
1402 2438 1436 2488 ct

313 2522 447 2609 quidem
468 2523 616 2610 episcopi
629 2524 734 2610 ipsam
750 2523 950 2610 corrigendo
963 2524 1088 2610 optime
1100 2547 1187 2586 nunc
1203 2535 1353 2612 agerent.
1374 2526 1435 2587 Po·

313 2620 438 2708 pularis
459 2634 567 2685 autem
588 2620 669 2684 fides
692 2621 870 2685 indiscreta
887 2633 936 2684 est
958 2635 991 2701 ct
1005 2621 1272 2708 praedicatorum
1289 2619 1435 2685 affirma·

240 2773 243 2780 ,
312 2719 460 2782 tionibus
476 2719 683 2783 solummodo
700 2719 827 2783 nititur.
844 2719 1066 2782 Ecclesiarum
1079 2732 1167 2783 certe
1181 2719 1435 2806 particularium

313 2816 499 2880 veneranda
520 2830 570 2881 est
590 2817 767 2881 auctoritas
788 2818 927 2881 sednon
945 2818 1238 2906 cogitassensum:
1262 2841 1321 2881 nec
1343 2817 1435 2882 enim

314 2927 390 2978 sunt
409 2915 544 2978 omniuo
565 2915 750 2978 credendae
775 2940 876 3003 quum
898 2939 1029 2978 suarum
1051 2915 1267 3002 reliquiarum
1293 2915 1436 2978 authen-

312 3011 473 3075 ticitatem
499 3013 724 3099 pronuntiant.
747 3015 815 3076 Nee
840 3026 909 3076 tota
938 3012 1061 3076 fallitur
1084 3013 1244 3090 Ecclesia,
1271 3013 1299 3076 si
1323 3026 1435 3076 textus

314 3110 446 3197 quidam
467 3111 641 3199 liturgicus
662 3111 849 3175 declaretur
870 3111 990 3174 salsus:
1013 3135 1088 3174 cum
1109 3111 1300 3198 hujusmodi
1327 3110 1435 3174 textui

313 3232 378 3271 non
396 3209 459 3272 nisi
480 3209 513 3271 in
530 3210 706 3296 hypothesi
728 3208 817 3296 quod
835 3209 877 3272 sit
896 3233 995 3272 verus
1011 3209 1208 3287 adhaereat3
1232 3233 1292 3272 nec
1308 3208 1433 3272 timen-

314 3307 392 3370 dum
414 3330 485 3369 esse
505 3307 574 3369 vult
589 3332 629 3370 ue
651 3307 886 3370 detrimentum
908 3307 1040 3393 capiant
1056 3320 1111 3370 aut
1126 3306 1208 3371 fidcs
1225 3320 1280 3370 aut
1301 3306 1434 3370 devotio

314 3404 512 3491 populorum
539 3429 579 3467 cx
603 3404 745 3468 salsitate
770 3405 804 3467 in
844 3404 1009 3491 liturgicis
1036 3405 1181 3468 textibus
1206 3404 1431 3492 deprehensa3

315 3502 397 3565 fides
418 3502 505 3565 enim
527 3515 558 3565 et
579 3502 710 3566 devotio
730 3502 840 3589 potius
860 3503 998 3565 veritate
1019 3503 1175 3591 gaudent.

360 3603 534 3664 Caeterum
551 3600 761 3665 Clichtoveus
777 3600 916 3663 tradidit
931 3601 1063 3690 regulas
1084 3614 1153 3664 tum
1169 3601 1345 3687 practicas,
1363 3613 1433 3664 tam

316 3698 460 3774 critieaS,
489 3722 569 3785 quas
591 3698 684 3785 sequi
708 3698 807 3762 debet
836 3699 1037 3785 quicumque
1062 3723 1173 3761 rerum
1193 3698 1366 3762 veritatem
1387 3698 1433 3761 in·

316 3808 430 3883 quirit.

360 3894 435 3958 Tria
457 3894 599 3981 primum
622 3893 685 3956 sibi
707 3893 770 3981 ipsi
791 3894 1008 3980 proponenda
1029 3908 1123 3958 sunt:
1151 3894 1290 3971 scilicet,
1308 3894 1430 3981 primo,

316 3991 543 4078 quaestionem
564 3990 701 4054 liberam
723 4005 755 4054 et
776 4016 842 4054 nou
863 3991 902 4054 de
928 3991 992 4054 fide
1013 3992 1182 4056 definitam
1203 3992 1360 4079 arripiat:
1383 4017 1417 4055 se

316 4088 437 4166 cundo,
461 4090 566 4176 ipsam
587 4088 721 4177 quidem
742 4089 938 4153 disserendo
959 4115 1024 4152 non
1046 4090 1237 4154 deliniendo
1257 4089 1432 4153 discutiat:

315 4187 414 4250 tertio
428 4186 574 4265 tandem,
593 4200 797 4274 protestetur
813 4212 847 4250 se
864 4188 946 4250 nihil
963 4189 1046 4251 velle
1063 4188 1096 4251 iu
1113 4188 1232 4251 ritibus
1249 4200 1304 4251 aut
1315 4187 1435 4274 impro-

316 4285 395 4348 bare
417 4298 471 4348 aut
492 4297 629 4359 matare,
653 4298 685 4348 et
701 4285 820 4372 subjici
842 4285 976 4348 omnino
994 4287 1120 4372 judicio
1138 4286 1226 4373 quod
1246 4285 1353 4348 ferent
1373 4287 1436 4348 Ec-

315 4383 415 4447 clesia
436 4383 568 4470 virique
591 4383 725 4447 eruditi.

356 4607 380 4656 1.
403 4603 642 4671 Elaeidatorium,
659 4624 685 4675 p.
703 4607 763 4658 564.
