<?xml version="1.0" encoding="UTF-8"?>
<!DOCTYPE html PUBLIC "-//W3C//DTD XHTML 1.0 Transitional//EN"
    "http://www.w3.org/TR/xhtml1/DTD/xhtml1-transitional.dtd">
<html xmlns="http://www.w3.org/1999/xhtml" xml:lang="en" lang="en">
 <head>
  <title>
</title>
<meta http-equiv="Content-Type" content="text/html;charset=utf-8" />
  <meta name='ocr-system' content='tesseract 3.04.00' />
  <meta name='ocr-capabilities' content='ocr_page ocr_carea ocr_par ocr_line ocrx_word'/>
</head>
<body>
  <div class='ocr_page' id='page_1' title='image "./dejudociclichto00clergoog_0078.png"; bbox 0 0 3074 5422; ppageno 0'>
   <div class='ocr_carea' id='block_1_1' title="bbox 560 394 718 455">
    <p class='ocr_par' dir='ltr' id='par_1_1' title="bbox 560 394 718 455">
     <span class='ocr_line' id='line_1_1' title="bbox 560 394 718 455; baseline 0.006 -16"><span class='ocrx_word' id='word_1_1' title='bbox 560 394 718 455; x_wconf 73' lang='lat'>„41-</span> 
     </span>
    </p>
   </div>
   <div class='ocr_carea' id='block_1_2' title="bbox 93 528 1211 718">
    <p class='ocr_par' dir='ltr' id='par_1_2' title="bbox 93 528 1211 718">
     <span class='ocr_line' id='line_1_2' title="bbox 94 528 1211 618; baseline 0.004 -26"><span class='ocrx_word' id='word_1_2' title='bbox 94 528 286 592; x_wconf 86' lang='lat' dir='ltr'>Clichtoveo</span> <span class='ocrx_word' id='word_1_3' title='bbox 306 529 474 592; x_wconf 87' lang='lat' dir='ltr'>elaborata</span> <span class='ocrx_word' id='word_1_4' title='bbox 494 530 573 593; x_wconf 92' lang='lat' dir='ltr'>satis</span> <span class='ocrx_word' id='word_1_5' title='bbox 599 529 779 607; x_wconf 92' lang='lat' dir='ltr'>insinuant,</span> <span class='ocrx_word' id='word_1_6' title='bbox 806 531 1044 618; x_wconf 86' lang='lat' dir='ltr'>Erasmumque</span> <span class='ocrx_word' id='word_1_7' title='bbox 1065 531 1211 596; x_wconf 88' lang='lat' dir='ltr'>Guillar-</span> 
     </span>
     <span class='ocr_line' id='line_1_3' title="bbox 93 625 1172 718; baseline 0.003 -27"><span class='ocrx_word' id='word_1_8' title='bbox 93 627 171 691; x_wconf 92' lang='lat' dir='ltr'>dum</span> <span class='ocrx_word' id='word_1_9' title='bbox 187 625 227 689; x_wconf 93' lang='lat' dir='ltr'>de</span> <span class='ocrx_word' id='word_1_10' title='bbox 249 626 441 691; x_wconf 87' lang='lat' dir='ltr'>Clichtovco</span> <span class='ocrx_word' id='word_1_11' title='bbox 457 628 692 718; x_wconf 81' lang='lat' dir='ltr'>gratulantem,</span> <span class='ocrx_word' id='word_1_12' title='bbox 717 630 770 690; x_wconf 64' lang='grc' dir='ltr'>17ι</span> <span class='ocrx_word' id='word_1_13' title='bbox 786 630 858 715; x_wconf 88' lang='lat' dir='ltr'>jun.</span> <span class='ocrx_word' id='word_1_14' title='bbox 879 630 975 708; x_wconf 94' lang='grc'>1521,</span> <span class='ocrx_word' id='word_1_15' title='bbox 994 629 1172 717; x_wconf 89' lang='lat' dir='ltr'>explicant.</span> 
     </span>
    </p>
   </div>
   <div class='ocr_carea' id='block_1_3' title="bbox 345 1013 954 1088">
    <p class='ocr_par' dir='ltr' id='par_1_3' title="bbox 345 1013 954 1088">
     <span class='ocr_line' id='line_1_4' title="bbox 345 1013 954 1088; baseline 0 -4"><span class='ocrx_word' id='word_1_16' title='bbox 345 1020 488 1086; x_wconf 86' lang='lat' dir='ltr'><strong>CAPUT</strong></span> <span class='ocrx_word' id='word_1_17' title='bbox 514 1022 710 1086; x_wconf 82' lang='lat' dir='ltr'>TERTIUM</span> <span class='ocrx_word' id='word_1_18' title='bbox 734 1013 954 1088; x_wconf 87' lang='lat' dir='ltr'>DECIMUM.</span> 
     </span>
    </p>
   </div>
   <div class='ocr_carea' id='block_1_4' title="bbox 143 1241 1159 1382">
    <p class='ocr_par' dir='ltr' id='par_1_4' title="bbox 143 1241 1159 1382">
     <span class='ocr_line' id='line_1_5' title="bbox 143 1241 1159 1285; baseline 0.002 -3"><span class='ocrx_word' id='word_1_19' title='bbox 143 1241 362 1282; x_wconf 70' lang='lat' dir='ltr'>ctlcnrovttus</span> <span class='ocrx_word' id='word_1_20' title='bbox 387 1241 519 1281; x_wconf 79' lang='lat' dir='ltr'>raulsns</span> <span class='ocrx_word' id='word_1_21' title='bbox 546 1242 818 1282; x_wconf 64' lang='lat' dir='ltr'>remansurorum</span> <span class='ocrx_word' id='word_1_22' title='bbox 844 1241 951 1282; x_wconf 81' lang='lat' dir='ltr'><strong>CORAM</strong></span> <span class='ocrx_word' id='word_1_23' title='bbox 978 1243 1159 1285; x_wconf 79' lang='lat' dir='ltr'><strong>FACULTATE</strong></span> 
     </span>
     <span class='ocr_line' id='line_1_6' title="bbox 247 1339 1056 1382; baseline 0.004 -4"><span class='ocrx_word' id='word_1_24' title='bbox 247 1339 449 1380; x_wconf 70' lang='lat' dir='ltr'>Tnssototssca</span> <span class='ocrx_word' id='word_1_25' title='bbox 474 1340 512 1378; x_wconf 88' lang='lat' dir='ltr'>ET</span> <span class='ocrx_word' id='word_1_26' title='bbox 537 1341 568 1379; x_wconf 92' lang='lat' dir='ltr'>lN</span> <span class='ocrx_word' id='word_1_27' title='bbox 594 1340 696 1380; x_wconf 84' lang='lat' dir='ltr'>LIBRIS</span> <span class='ocrx_word' id='word_1_28' title='bbox 723 1341 905 1381; x_wconf 81' lang='lat' dir='ltr'>IMPUGNARE</span> <span class='ocrx_word' id='word_1_29' title='bbox 932 1341 1056 1382; x_wconf 88' lang='lat' dir='ltr'>PERGlT.</span> 
     </span>
    </p>
   </div>
   <div class='ocr_carea' id='block_1_5' title="bbox 570 1485 726 1548">
    <p class='ocr_par' dir='ltr' id='par_1_5' title="bbox 570 1485 726 1548">
     <span class='ocr_line' id='line_1_7' title="bbox 570 1485 726 1548; baseline -0.006 -12"><span class='ocrx_word' id='word_1_30' title='bbox 570 1485 726 1548; x_wconf 76' lang='grc'>(10110010)</span> 
     </span>
    </p>
   </div>
   <div class='ocr_carea' id='block_1_6' title="bbox 89 1710 1305 4148">
    <p class='ocr_par' dir='ltr' id='par_1_6' title="bbox 92 1710 1211 1995">
     <span class='ocr_line' id='line_1_8' title="bbox 135 1710 1211 1801; baseline 0.003 -27"><span class='ocrx_word' id='word_1_31' title='bbox 135 1710 221 1774; x_wconf 86' lang='lat' dir='ltr'>Dein</span> <span class='ocrx_word' id='word_1_32' title='bbox 243 1710 454 1774; x_wconf 89' lang='lat' dir='ltr'>Clichtoveus</span> <span class='ocrx_word' id='word_1_33' title='bbox 465 1724 568 1775; x_wconf 90' lang='lat' dir='ltr'>totam</span> <span class='ocrx_word' id='word_1_34' title='bbox 586 1712 652 1775; x_wconf 86' lang='lat' dir='ltr'>vim</span> <span class='ocrx_word' id='word_1_35' title='bbox 673 1712 721 1775; x_wconf 92' lang='lat' dir='ltr'>sui</span> <span class='ocrx_word' id='word_1_36' title='bbox 738 1711 865 1801; x_wconf 82' lang='lat' dir='ltr'>ingenii</span> <span class='ocrx_word' id='word_1_37' title='bbox 881 1711 916 1775; x_wconf 92' lang='lat' dir='ltr'>in</span> <span class='ocrx_word' id='word_1_38' title='bbox 930 1712 1103 1775; x_wconf 80' lang='lat' dir='ltr'>refutanda</span> <span class='ocrx_word' id='word_1_39' title='bbox 1120 1714 1211 1778; x_wconf 90' lang='lat' dir='ltr'>hete-</span> 
     </span>
     <span class='ocr_line' id='line_1_9' title="bbox 92 1808 1211 1896; baseline 0.003 -24"><span class='ocrx_word' id='word_1_40' title='bbox 92 1808 288 1873; x_wconf 88' lang='lat' dir='ltr'>rodoxorum</span> <span class='ocrx_word' id='word_1_41' title='bbox 310 1808 461 1872; x_wconf 89' lang='lat' dir='ltr'>doctrina</span> <span class='ocrx_word' id='word_1_42' title='bbox 477 1834 581 1896; x_wconf 90' lang='lat' dir='ltr'>usque</span> <span class='ocrx_word' id='word_1_43' title='bbox 603 1810 643 1873; x_wconf 92' lang='lat' dir='ltr'>ad</span> <span class='ocrx_word' id='word_1_44' title='bbox 664 1823 804 1873; x_wconf 87' lang='lat' dir='ltr'>mortem</span> <span class='ocrx_word' id='word_1_45' title='bbox 821 1810 889 1873; x_wconf 86' lang='lat' dir='ltr'>sere</span> <span class='ocrx_word' id='word_1_46' title='bbox 900 1810 1074 1888; x_wconf 90' lang='lat' dir='ltr'>convertit,</span> <span class='ocrx_word' id='word_1_47' title='bbox 1094 1811 1160 1874; x_wconf 91' lang='lat' dir='ltr'>sive</span> <span class='ocrx_word' id='word_1_48' title='bbox 1177 1812 1211 1875; x_wconf 91' lang='lat' dir='ltr'>in</span> 
     </span>
     <span class='ocr_line' id='line_1_10' title="bbox 93 1906 893 1995; baseline 0.001 -25"><span class='ocrx_word' id='word_1_49' title='bbox 93 1906 268 1970; x_wconf 78' lang='lat' dir='ltr'>Academia</span> <span class='ocrx_word' id='word_1_50' title='bbox 289 1907 481 1984; x_wconf 78' lang='lat' dir='ltr'>parisiensi,</span> <span class='ocrx_word' id='word_1_51' title='bbox 498 1908 565 1970; x_wconf 92' lang='lat' dir='ltr'>sive</span> <span class='ocrx_word' id='word_1_52' title='bbox 585 1908 620 1970; x_wconf 93' lang='lat' dir='ltr'>in</span> <span class='ocrx_word' id='word_1_53' title='bbox 635 1907 702 1971; x_wconf 90' lang='lat' dir='ltr'>suis</span> <span class='ocrx_word' id='word_1_54' title='bbox 723 1909 893 1995; x_wconf 90' lang='lat' dir='ltr'>operibus.</span> 
     </span>
    </p>

    <p class='ocr_par' dir='ltr' id='par_1_7' title="bbox 89 2004 1305 3829">
     <span class='ocr_line' id='line_1_11' title="bbox 136 2004 1204 2096; baseline 0.003 -29"><span class='ocrx_word' id='word_1_55' title='bbox 136 2006 175 2067; x_wconf 85' lang='lat' dir='ltr'>Et</span> <span class='ocrx_word' id='word_1_56' title='bbox 213 2004 346 2091; x_wconf 90' lang='lat' dir='ltr'>quidem</span> <span class='ocrx_word' id='word_1_57' title='bbox 383 2029 421 2068; x_wconf 90' lang='lat' dir='ltr'>eo</span> <span class='ocrx_word' id='word_1_58' title='bbox 456 2004 583 2069; x_wconf 89' lang='lat' dir='ltr'>facilius</span> <span class='ocrx_word' id='word_1_59' title='bbox 619 2005 696 2069; x_wconf 89' lang='lat' dir='ltr'>huic</span> <span class='ocrx_word' id='word_1_60' title='bbox 733 2007 826 2093; x_wconf 93' lang='lat' dir='ltr'>operi</span> <span class='ocrx_word' id='word_1_61' title='bbox 869 2006 1075 2096; x_wconf 80' lang='lat' dir='ltr'>indulgebat,</span> <span class='ocrx_word' id='word_1_62' title='bbox 1117 2006 1204 2094; x_wconf 93' lang='lat' dir='ltr'>quod</span> 
     </span>
     <span class='ocr_line' id='line_1_12' title="bbox 92 2102 1213 2193; baseline 0.002 -27"><span class='ocrx_word' id='word_1_63' title='bbox 92 2102 225 2166; x_wconf 91' lang='lat' dir='ltr'>tandem</span> <span class='ocrx_word' id='word_1_64' title='bbox 246 2102 341 2166; x_wconf 88' lang='lat' dir='ltr'>fixam</span> <span class='ocrx_word' id='word_1_65' title='bbox 362 2103 396 2166; x_wconf 95' lang='lat' dir='ltr'>in</span> <span class='ocrx_word' id='word_1_66' title='bbox 412 2105 575 2168; x_wconf 90' lang='lat' dir='ltr'>Navarrae</span> <span class='ocrx_word' id='word_1_67' title='bbox 592 2103 734 2193; x_wconf 83' lang='lat' dir='ltr'>collegio</span> <span class='ocrx_word' id='word_1_68' title='bbox 756 2103 843 2191; x_wconf 91' lang='lat' dir='ltr'>apud</span> <span class='ocrx_word' id='word_1_69' title='bbox 866 2105 1051 2167; x_wconf 87' lang='lat' dir='ltr'>Sorbonam</span> <span class='ocrx_word' id='word_1_70' title='bbox 1068 2105 1213 2168; x_wconf 89' lang='lat' dir='ltr'>habebat</span> 
     </span>
     <span class='ocr_line' id='line_1_13' title="bbox 94 2200 1239 2288; baseline 0.001 -24"><span class='ocrx_word' id='word_1_71' title='bbox 94 2201 216 2264; x_wconf 90' lang='lat' dir='ltr'>sedem.</span> <span class='ocrx_word' id='word_1_72' title='bbox 237 2200 421 2288; x_wconf 83' lang='lat' dir='ltr'>Siquidem,</span> <span class='ocrx_word' id='word_1_73' title='bbox 445 2203 594 2266; x_wconf 90' lang='lat' dir='ltr'>Tornaoo</span> <span class='ocrx_word' id='word_1_74' title='bbox 611 2226 627 2264; x_wconf 98' lang='lat' dir='ltr'>a</span> <span class='ocrx_word' id='word_1_75' title='bbox 645 2201 763 2265; x_wconf 89' lang='lat' dir='ltr'>Carolo</span> <span class='ocrx_word' id='word_1_76' title='bbox 787 2205 827 2262; x_wconf 87' lang='lat' dir='ltr'>V⁰</span> <span class='ocrx_word' id='word_1_77' title='bbox 850 2202 903 2265; x_wconf 69' lang='grc'>211</span> <span class='ocrx_word' id='word_1_78' title='bbox 924 2201 1110 2265; x_wconf 81' lang='lat' dir='ltr'>decembris</span> <span class='ocrx_word' id='word_1_79' title='bbox 1128 2205 1208 2267; x_wconf 98' lang='grc'>1521</span> <span class='ocrx_word' id='word_1_80' title='bbox 1237 2260 1239 2265; x_wconf 93' lang='grc'>.</span> 
     </span>
     <span class='ocr_line' id='line_1_14' title="bbox 93 2298 1212 2388; baseline 0.002 -26"><span class='ocrx_word' id='word_1_81' title='bbox 93 2323 203 2362; x_wconf 91' lang='lat' dir='ltr'>rursus</span> <span class='ocrx_word' id='word_1_82' title='bbox 219 2310 326 2386; x_wconf 87' lang='lat' dir='ltr'>capta,</span> <span class='ocrx_word' id='word_1_83' title='bbox 350 2298 542 2363; x_wconf 88' lang='lat' dir='ltr'>Guillardus</span> <span class='ocrx_word' id='word_1_84' title='bbox 558 2300 599 2363; x_wconf 95' lang='lat' dir='ltr'>ad</span> <span class='ocrx_word' id='word_1_85' title='bbox 621 2300 766 2364; x_wconf 87' lang='lat' dir='ltr'>Parisios</span> <span class='ocrx_word' id='word_1_86' title='bbox 787 2323 961 2388; x_wconf 80' lang='lat' dir='ltr'>regressus</span> <span class='ocrx_word' id='word_1_87' title='bbox 983 2313 1063 2363; x_wconf 91' lang='lat' dir='ltr'>erat.</span> <span class='ocrx_word' id='word_1_88' title='bbox 1089 2301 1212 2387; x_wconf 91' lang='lat' dir='ltr'>Utique</span> 
     </span>
     <span class='ocr_line' id='line_1_15' title="bbox 93 2395 1212 2485; baseline 0.001 -25"><span class='ocrx_word' id='word_1_89' title='bbox 93 2420 163 2460; x_wconf 88' lang='lat' dir='ltr'>oum</span> <span class='ocrx_word' id='word_1_90' title='bbox 184 2396 312 2460; x_wconf 87' lang='lat' dir='ltr'>Erardo</span> <span class='ocrx_word' id='word_1_91' title='bbox 333 2421 350 2459; x_wconf 95' lang='lat' dir='ltr'>a</span> <span class='ocrx_word' id='word_1_92' title='bbox 372 2395 519 2474; x_wconf 77' lang='lat' dir='ltr'>Marka²,</span> <span class='ocrx_word' id='word_1_93' title='bbox 547 2397 745 2461; x_wconf 89' lang='lat' dir='ltr'>Carnotensi</span> <span class='ocrx_word' id='word_1_94' title='bbox 770 2398 941 2485; x_wconf 86' lang='lat' dir='ltr'>episeopo,</span> <span class='ocrx_word' id='word_1_95' title='bbox 969 2399 1212 2461; x_wconf 87' lang='lat' dir='ltr'>Tornacensem</span> 
     </span>
     <span class='ocr_line' id='line_1_16' title="bbox 93 2495 1213 2585; baseline 0.001 -27"><span class='ocrx_word' id='word_1_96' title='bbox 93 2495 317 2582; x_wconf 87' lang='lat' dir='ltr'>episcopatum</span> <span class='ocrx_word' id='word_1_97' title='bbox 331 2506 586 2582; x_wconf 85' lang='lat' dir='ltr'>permutaverat,</span> <span class='ocrx_word' id='word_1_98' title='bbox 604 2495 926 2585; x_wconf 57' lang='lat' dir='ltr'>consentiente&#39;rege</span> <span class='ocrx_word' id='word_1_99' title='bbox 942 2508 974 2558; x_wconf 89' lang='lat' dir='ltr'>ct</span> <span class='ocrx_word' id='word_1_100' title='bbox 990 2520 1116 2558; x_wconf 91' lang='lat' dir='ltr'>summo</span> <span class='ocrx_word' id='word_1_101' title='bbox 1128 2498 1213 2559; x_wconf 91' lang='lat' dir='ltr'>Pon-</span> 
     </span>
     <span class='ocr_line' id='line_1_17' title="bbox 91 2591 1211 2680; baseline 0.001 -24"><span class='ocrx_word' id='word_1_102' title='bbox 91 2592 189 2656; x_wconf 89' lang='lat' dir='ltr'>tifice.</span> <span class='ocrx_word' id='word_1_103' title='bbox 212 2591 253 2656; x_wconf 83' lang='lat' dir='ltr'>At</span> <span class='ocrx_word' id='word_1_104' title='bbox 276 2592 465 2680; x_wconf 90' lang='lat' dir='ltr'>Capitulum</span> <span class='ocrx_word' id='word_1_105' title='bbox 488 2594 705 2669; x_wconf 89' lang='lat' dir='ltr'>Carnotense,</span> <span class='ocrx_word' id='word_1_106' title='bbox 733 2593 784 2656; x_wconf 89' lang='lat' dir='ltr'>cui</span> <span class='ocrx_word' id='word_1_107' title='bbox 814 2595 867 2655; x_wconf 78' lang='lat'>13⁰</span> <span class='ocrx_word' id='word_1_108' title='bbox 885 2592 957 2656; x_wconf 91' lang='lat' dir='ltr'>dec.</span> <span class='ocrx_word' id='word_1_109' title='bbox 978 2595 1075 2670; x_wconf 88' lang='grc'>1521,</span> <span class='ocrx_word' id='word_1_110' title='bbox 1098 2607 1211 2657; x_wconf 85' lang='grc'>11010111</span> 
     </span>
     <span class='ocr_line' id='line_1_18' title="bbox 93 2689 1212 2778; baseline 0.002 -26"><span class='ocrx_word' id='word_1_111' title='bbox 93 2690 212 2762; x_wconf 87' lang='grc'>1000101</span> <span class='ocrx_word' id='word_1_112' title='bbox 242 2715 335 2753; x_wconf 91' lang='lat' dir='ltr'>suum</span> <span class='ocrx_word' id='word_1_113' title='bbox 364 2689 553 2770; x_wconf 90' lang='lat' dir='ltr'>adventum,</span> <span class='ocrx_word' id='word_1_114' title='bbox 577 2704 715 2778; x_wconf 90' lang='lat' dir='ltr'>propter</span> <span class='ocrx_word' id='word_1_115' title='bbox 736 2691 895 2778; x_wconf 90' lang='lat' dir='ltr'>quasdam</span> <span class='ocrx_word' id='word_1_116' title='bbox 921 2691 1084 2755; x_wconf 86' lang='lat' dir='ltr'>clausulas</span> <span class='ocrx_word' id='word_1_117' title='bbox 1105 2691 1212 2755; x_wconf 92' lang='lat' dir='ltr'>bulla-</span> 
     </span>
     <span class='ocr_line' id='line_1_19' title="bbox 92 2787 1212 2876; baseline 0.003 -26"><span class='ocrx_word' id='word_1_118' title='bbox 92 2812 162 2852; x_wconf 90' lang='lat' dir='ltr'>rum</span> <span class='ocrx_word' id='word_1_119' title='bbox 188 2787 230 2851; x_wconf 92' lang='lat' dir='ltr'>ad</span> <span class='ocrx_word' id='word_1_120' title='bbox 255 2788 491 2852; x_wconf 84' lang='lat' dir='ltr'>concordatum</span> <span class='ocrx_word' id='word_1_121' title='bbox 512 2788 709 2866; x_wconf 89' lang='lat' dir='ltr'>alludentes,</span> <span class='ocrx_word' id='word_1_122' title='bbox 734 2813 775 2851; x_wconf 92' lang='lat' dir='ltr'>ne</span> <span class='ocrx_word' id='word_1_123' title='bbox 802 2788 880 2852; x_wconf 90' lang='lat' dir='ltr'>sede</span> <span class='ocrx_word' id='word_1_124' title='bbox 900 2789 1076 2875; x_wconf 89' lang='lat' dir='ltr'>potiretur,</span> <span class='ocrx_word' id='word_1_125' title='bbox 1108 2813 1212 2876; x_wconf 90' lang='lat' dir='ltr'>usque</span> 
     </span>
     <span class='ocr_line' id='line_1_20' title="bbox 92 2885 1212 2974; baseline 0.002 -26"><span class='ocrx_word' id='word_1_126' title='bbox 92 2885 130 2948; x_wconf 92' lang='lat' dir='ltr'>ad</span> <span class='ocrx_word' id='word_1_127' title='bbox 154 2910 275 2949; x_wconf 91' lang='lat' dir='ltr'>annum</span> <span class='ocrx_word' id='word_1_128' title='bbox 298 2887 395 2960; x_wconf 92' lang='grc'>1525,</span> <span class='ocrx_word' id='word_1_129' title='bbox 423 2885 562 2949; x_wconf 91' lang='lat' dir='ltr'>diversis</span> <span class='ocrx_word' id='word_1_130' title='bbox 587 2886 857 2974; x_wconf 90' lang='lat' dir='ltr'>oppositionibus</span> <span class='ocrx_word' id='word_1_131' title='bbox 879 2899 911 2949; x_wconf 89' lang='lat' dir='ltr'>et</span> <span class='ocrx_word' id='word_1_132' title='bbox 931 2886 1212 2974; x_wconf 90' lang='lat' dir='ltr'>appellationibus</span> 
     </span>
     <span class='ocr_line' id='line_1_21' title="bbox 91 2983 1213 3071; baseline 0 -24"><span class='ocrx_word' id='word_1_133' title='bbox 91 2984 273 3071; x_wconf 88' lang='lat' dir='ltr'>prohibuit.</span> <span class='ocrx_word' id='word_1_134' title='bbox 300 2985 440 3063; x_wconf 89' lang='lat' dir='ltr'>Interea,</span> <span class='ocrx_word' id='word_1_135' title='bbox 469 2984 617 3062; x_wconf 82' lang='lat' dir='ltr'>Parisiis,</span> <span class='ocrx_word' id='word_1_136' title='bbox 645 2984 756 3047; x_wconf 88' lang='lat' dir='ltr'>sorsan</span> <span class='ocrx_word' id='word_1_137' title='bbox 778 2984 810 3047; x_wconf 93' lang='lat' dir='ltr'>in</span> <span class='ocrx_word' id='word_1_138' title='bbox 833 2983 931 3047; x_wconf 89' lang='lat' dir='ltr'>domo</span> <span class='ocrx_word' id='word_1_139' title='bbox 953 3008 1021 3063; x_wconf 92' lang='lat' dir='ltr'>sua,</span> <span class='ocrx_word' id='word_1_140' title='bbox 1046 2984 1132 3047; x_wconf 90' lang='lat' dir='ltr'>dicta</span> <span class='ocrx_word' id='word_1_141' title='bbox 1155 2985 1213 3048; x_wconf 90' lang='lat' dir='ltr'>des</span> 
     </span>
     <span class='ocr_line' id='line_1_22' title="bbox 92 3081 1213 3170; baseline 0 -25"><span class='ocrx_word' id='word_1_142' title='bbox 92 3082 415 3157; x_wconf 87' lang='lat' dir='ltr'>Blancs·Manteaux,</span> <span class='ocrx_word' id='word_1_143' title='bbox 433 3083 627 3170; x_wconf 84' lang='lat' dir='ltr'>permansit,</span> <span class='ocrx_word' id='word_1_144' title='bbox 643 3081 921 3169; x_wconf 85' lang='lat' dir='ltr'>Clichtoveusque</span> <span class='ocrx_word' id='word_1_145' title='bbox 938 3082 1004 3145; x_wconf 93' lang='lat' dir='ltr'>sive</span> <span class='ocrx_word' id='word_1_146' title='bbox 1019 3082 1106 3169; x_wconf 91' lang='lat' dir='ltr'>apud</span> <span class='ocrx_word' id='word_1_147' title='bbox 1120 3082 1213 3145; x_wconf 92' lang='lat' dir='ltr'>illum</span> 
     </span>
     <span class='ocr_line' id='line_1_23' title="bbox 91 3178 1213 3266; baseline 0.001 -24"><span class='ocrx_word' id='word_1_148' title='bbox 91 3178 156 3243; x_wconf 86' lang='lat' dir='ltr'>sive</span> <span class='ocrx_word' id='word_1_149' title='bbox 183 3180 271 3266; x_wconf 92' lang='lat' dir='ltr'>apud</span> <span class='ocrx_word' id='word_1_150' title='bbox 295 3181 489 3243; x_wconf 90' lang='lat' dir='ltr'>Lassereum</span> <span class='ocrx_word' id='word_1_151' title='bbox 517 3179 689 3243; x_wconf 88' lang='lat' dir='ltr'>habitavit.</span> <span class='ocrx_word' id='word_1_152' title='bbox 718 3182 800 3244; x_wconf 92' lang='lat' dir='ltr'>Cum</span> <span class='ocrx_word' id='word_1_153' title='bbox 821 3179 1024 3255; x_wconf 88' lang='lat' dir='ltr'>Guillardus,</span> <span class='ocrx_word' id='word_1_154' title='bbox 1051 3182 1213 3244; x_wconf 89' lang='lat' dir='ltr'>Navarrae</span> 
     </span>
     <span class='ocr_line' id='line_1_24' title="bbox 91 3275 1214 3369; baseline 0 -29"><span class='ocrx_word' id='word_1_155' title='bbox 91 3277 123 3340; x_wconf 95' lang='lat' dir='ltr'>in</span> <span class='ocrx_word' id='word_1_156' title='bbox 157 3277 243 3341; x_wconf 87' lang='lat' dir='ltr'>festo</span> <span class='ocrx_word' id='word_1_157' title='bbox 274 3279 308 3342; x_wconf 89' lang='lat' dir='ltr'>S.</span> <span class='ocrx_word' id='word_1_158' title='bbox 334 3277 504 3357; x_wconf 86' lang='lat' dir='ltr'>Ludovioi,</span> <span class='ocrx_word' id='word_1_159' title='bbox 533 3279 587 3341; x_wconf 67' lang='grc' dir='ltr'>25ι</span> <span class='ocrx_word' id='word_1_160' title='bbox 615 3277 745 3369; x_wconf 85' lang='lat' dir='ltr'>augusti</span> <span class='ocrx_word' id='word_1_161' title='bbox 777 3278 875 3355; x_wconf 82' lang='grc'>1521,</span> <span class='ocrx_word' id='word_1_162' title='bbox 904 3275 1050 3340; x_wconf 87' lang='lat' dir='ltr'>officium</span> <span class='ocrx_word' id='word_1_163' title='bbox 1078 3278 1214 3365; x_wconf 91' lang='lat' dir='ltr'>pontifi-</span> 
     </span>
     <span class='ocr_line' id='line_1_25' title="bbox 91 3375 1213 3464; baseline 0.001 -26"><span class='ocrx_word' id='word_1_164' title='bbox 91 3375 206 3438; x_wconf 88' lang='lat' dir='ltr'>caliter</span> <span class='ocrx_word' id='word_1_165' title='bbox 231 3375 459 3451; x_wconf 88' lang='lat' dir='ltr'>celebraverit,</span> <span class='ocrx_word' id='word_1_166' title='bbox 480 3388 512 3438; x_wconf 90' lang='lat' dir='ltr'>et</span> <span class='ocrx_word' id='word_1_167' title='bbox 539 3375 616 3438; x_wconf 90' lang='lat' dir='ltr'>dein</span> <span class='ocrx_word' id='word_1_168' title='bbox 637 3399 711 3438; x_wconf 89' lang='lat' dir='ltr'>cum</span> <span class='ocrx_word' id='word_1_169' title='bbox 732 3376 868 3439; x_wconf 88' lang='lat' dir='ltr'>Nicolao</span> <span class='ocrx_word' id='word_1_170' title='bbox 889 3375 1052 3464; x_wconf 85' lang='lat' dir='ltr'>Dorigny,</span> <span class='ocrx_word' id='word_1_171' title='bbox 1078 3375 1213 3462; x_wconf 91' lang='lat' dir='ltr'>inques-</span> 
     </span>
     <span class='ocr_line' id='line_1_26' title="bbox 89 3472 1213 3560; baseline 0 -23"><span class='ocrx_word' id='word_1_172' title='bbox 89 3486 198 3537; x_wconf 84' lang='lat' dir='ltr'>tarum</span> <span class='ocrx_word' id='word_1_173' title='bbox 217 3472 383 3559; x_wconf 88' lang='lat' dir='ltr'>praeside,</span> <span class='ocrx_word' id='word_1_174' title='bbox 402 3496 531 3536; x_wconf 88' lang='lat' dir='ltr'>necnon</span> <span class='ocrx_word' id='word_1_175' title='bbox 548 3473 684 3537; x_wconf 89' lang='lat' dir='ltr'>Nicolao</span> <span class='ocrx_word' id='word_1_176' title='bbox 703 3473 874 3560; x_wconf 87' lang='lat' dir='ltr'>Cappello,</span> <span class='ocrx_word' id='word_1_177' title='bbox 893 3472 1019 3537; x_wconf 83' lang='lat' dir='ltr'>decano</span> <span class='ocrx_word' id='word_1_178' title='bbox 1034 3474 1213 3538; x_wconf 87' lang='lat' dir='ltr'>Facultatis</span> 
     </span>
     <span class='ocr_line' id='line_1_27' title="bbox 91 3559 1305 3659; baseline -0.001 -24"><span class='ocrx_word' id='word_1_179' title='bbox 91 3571 306 3659; x_wconf 87' lang='lat' dir='ltr'>Theologiac,</span> <span class='ocrx_word' id='word_1_180' title='bbox 333 3571 400 3657; x_wconf 90' lang='lat' dir='ltr'>(qui</span> <span class='ocrx_word' id='word_1_181' title='bbox 428 3573 463 3635; x_wconf 89' lang='lat' dir='ltr'>S.</span> <span class='ocrx_word' id='word_1_182' title='bbox 491 3571 649 3635; x_wconf 87' lang='lat' dir='ltr'>Ludovici</span> <span class='ocrx_word' id='word_1_183' title='bbox 670 3571 785 3635; x_wconf 88' lang='lat' dir='ltr'>laudes</span> <span class='ocrx_word' id='word_1_184' title='bbox 806 3570 1056 3656; x_wconf 85' lang='lat' dir='ltr'>declamaverat)</span> <span class='ocrx_word' id='word_1_185' title='bbox 1077 3595 1214 3635; x_wconf 89' lang='lat' dir='ltr'>coenam</span> <span class='ocrx_word' id='word_1_186' title='bbox 1303 3559 1305 3563; x_wconf 21' lang='lat'><strong>¹</strong></span> 
     </span>
     <span class='ocr_line' id='line_1_28' title="bbox 91 3668 1213 3756; baseline 0.001 -25"><span class='ocrx_word' id='word_1_187' title='bbox 91 3669 281 3755; x_wconf 82' lang='lat' dir='ltr'>sumpserit,</span> <span class='ocrx_word' id='word_1_188' title='bbox 301 3692 366 3731; x_wconf 93' lang='lat' dir='ltr'>non</span> <span class='ocrx_word' id='word_1_189' title='bbox 387 3681 437 3731; x_wconf 88' lang='lat' dir='ltr'>est</span> <span class='ocrx_word' id='word_1_190' title='bbox 457 3668 594 3733; x_wconf 92' lang='lat' dir='ltr'>dubium</span> <span class='ocrx_word' id='word_1_191' title='bbox 614 3669 695 3756; x_wconf 91' lang='lat' dir='ltr'>quin</span> <span class='ocrx_word' id='word_1_192' title='bbox 709 3681 742 3732; x_wconf 89' lang='lat' dir='ltr'>et</span> <span class='ocrx_word' id='word_1_193' title='bbox 757 3669 828 3756; x_wconf 92' lang='lat' dir='ltr'>ipse</span> <span class='ocrx_word' id='word_1_194' title='bbox 850 3668 1061 3732; x_wconf 89' lang='lat' dir='ltr'>Clichtoveus</span> <span class='ocrx_word' id='word_1_195' title='bbox 1075 3669 1213 3733; x_wconf 91' lang='lat' dir='ltr'>ibitunc</span> 
     </span>
     <span class='ocr_line' id='line_1_29' title="bbox 90 3765 245 3829; baseline -0.006 0"><span class='ocrx_word' id='word_1_196' title='bbox 90 3765 245 3829; x_wconf 83' lang='lat' dir='ltr'>adfuerit.</span> 
     </span>
    </p>

    <p class='ocr_par' dir='ltr' id='par_1_8' title="bbox 89 3864 1213 4148">
     <span class='ocr_line' id='line_1_30' title="bbox 135 3864 1212 3944; baseline 0.001 -18"><span class='ocrx_word' id='word_1_197' title='bbox 135 3865 264 3927; x_wconf 85' lang='lat' dir='ltr'>Interea</span> <span class='ocrx_word' id='word_1_198' title='bbox 286 3888 320 3927; x_wconf 93' lang='lat' dir='ltr'>se</span> <span class='ocrx_word' id='word_1_199' title='bbox 339 3877 446 3928; x_wconf 90' lang='lat' dir='ltr'>totum</span> <span class='ocrx_word' id='word_1_200' title='bbox 467 3864 663 3929; x_wconf 88' lang='lat' dir='ltr'>academicis</span> <span class='ocrx_word' id='word_1_201' title='bbox 684 3864 823 3929; x_wconf 80' lang='lat' dir='ltr'>Actibus</span> <span class='ocrx_word' id='word_1_202' title='bbox 843 3865 1007 3929; x_wconf 88' lang='lat' dir='ltr'>tradebat.</span> <span class='ocrx_word' id='word_1_203' title='bbox 1027 3865 1212 3944; x_wconf 90' lang='lat' dir='ltr'>Quotannis</span> 
     </span>
     <span class='ocr_line' id='line_1_31' title="bbox 90 3961 1213 4050; baseline 0 -26"><span class='ocrx_word' id='word_1_204' title='bbox 90 3961 273 4025; x_wconf 90' lang='lat' dir='ltr'>orationem</span> <span class='ocrx_word' id='word_1_205' title='bbox 301 3963 335 4026; x_wconf 89' lang='lat' dir='ltr'>S.</span> <span class='ocrx_word' id='word_1_206' title='bbox 355 3963 558 4050; x_wconf 88' lang='lat' dir='ltr'>Euphemiae</span> <span class='ocrx_word' id='word_1_207' title='bbox 585 3963 727 4040; x_wconf 91' lang='lat' dir='ltr'>solitam,</span> <span class='ocrx_word' id='word_1_208' title='bbox 752 3965 805 4025; x_wconf 76' lang='lat' dir='ltr'>lba</span> <span class='ocrx_word' id='word_1_209' title='bbox 825 3962 1037 4050; x_wconf 88' lang='lat' dir='ltr'>septembris,</span> <span class='ocrx_word' id='word_1_210' title='bbox 1063 3986 1213 4049; x_wconf 87' lang='lat' dir='ltr'>pronun-</span> 
     </span>
     <span class='ocr_line' id='line_1_32' title="bbox 89 4059 1213 4148; baseline 0.001 -26"><span class='ocrx_word' id='word_1_211' title='bbox 89 4059 208 4123; x_wconf 88' lang='lat' dir='ltr'>tiavit:</span> <span class='ocrx_word' id='word_1_212' title='bbox 232 4060 439 4147; x_wconf 87' lang='lat' dir='ltr'>Scripturam</span> <span class='ocrx_word' id='word_1_213' title='bbox 460 4084 584 4124; x_wconf 87' lang='lat' dir='ltr'>sacram</span> <span class='ocrx_word' id='word_1_214' title='bbox 608 4073 849 4124; x_wconf 92' lang='lat' dir='ltr'>commentatus</span> <span class='ocrx_word' id='word_1_215' title='bbox 869 4073 932 4138; x_wconf 89' lang='lat' dir='ltr'>est,</span> <span class='ocrx_word' id='word_1_216' title='bbox 954 4073 987 4124; x_wconf 92' lang='lat' dir='ltr'>et</span> <span class='ocrx_word' id='word_1_217' title='bbox 1014 4060 1213 4148; x_wconf 90' lang='lat' dir='ltr'>disputatio-</span> 
     </span>
    </p>
   </div>
   <div class='ocr_carea' id='block_1_7' title="bbox 88 4350 1214 4494">
    <p class='ocr_par' dir='ltr' id='par_1_9' title="bbox 88 4350 1214 4494">
     <span class='ocr_line' id='line_1_33' title="bbox 126 4350 1214 4422; baseline 0 -19"><span class='ocrx_word' id='word_1_218' title='bbox 126 4354 151 4403; x_wconf 86' lang='lat'>1.</span> <span class='ocrx_word' id='word_1_219' title='bbox 174 4350 296 4411; x_wconf 85' lang='lat' dir='ltr'>Erardus,</span> <span class='ocrx_word' id='word_1_220' title='bbox 312 4352 357 4422; x_wconf 94' lang='lat' dir='ltr'>qui</span> <span class='ocrx_word' id='word_1_221' title='bbox 375 4351 523 4403; x_wconf 89' lang='lat' dir='ltr'>Leodiensis</span> <span class='ocrx_word' id='word_1_222' title='bbox 545 4359 600 4404; x_wconf 86' lang='lat' dir='ltr'>erat</span> <span class='ocrx_word' id='word_1_223' title='bbox 619 4352 696 4403; x_wconf 89' lang='lat' dir='ltr'>simul</span> <span class='ocrx_word' id='word_1_224' title='bbox 704 4352 848 4422; x_wconf 89' lang='lat' dir='ltr'>episcopus</span> <span class='ocrx_word' id='word_1_225' title='bbox 866 4351 953 4403; x_wconf 88' lang='lat' dir='ltr'>Caroli</span> <span class='ocrx_word' id='word_1_226' title='bbox 973 4350 996 4400; x_wconf 92' lang='lat' dir='ltr'>V</span> <span class='ocrx_word' id='word_1_227' title='bbox 1013 4358 1097 4421; x_wconf 87' lang='lat' dir='ltr'>partes</span> <span class='ocrx_word' id='word_1_228' title='bbox 1113 4358 1214 4403; x_wconf 87' lang='lat' dir='ltr'>secutus</span> 
     </span>
     <span class='ocr_line' id='line_1_34' title="bbox 88 4423 1212 4494; baseline -0.001 -20"><span class='ocrx_word' id='word_1_229' title='bbox 88 4431 137 4482; x_wconf 82' lang='lat' dir='ltr'>est,</span> <span class='ocrx_word' id='word_1_230' title='bbox 154 4430 180 4474; x_wconf 87' lang='lat' dir='ltr'>et</span> <span class='ocrx_word' id='word_1_231' title='bbox 193 4441 208 4474; x_wconf 90' lang='grc'>0</span> <span class='ocrx_word' id='word_1_232' title='bbox 222 4423 392 4482; x_wconf 85' lang='lat' dir='ltr'>Franciscol,</span> <span class='ocrx_word' id='word_1_233' title='bbox 410 4430 532 4494; x_wconf 87' lang='lat' dir='ltr'>tanquam</span> <span class='ocrx_word' id='word_1_234' title='bbox 550 4424 638 4484; x_wconf 88' lang='lat' dir='ltr'>hostis,</span> <span class='ocrx_word' id='word_1_235' title='bbox 655 4423 849 4475; x_wconf 86' lang='lat' dir='ltr'>denuntiatusl</span> <span class='ocrx_word' id='word_1_236' title='bbox 837 4424 894 4474; x_wconf 83' lang='lat' dir='ltr'>suit.</span> <span class='ocrx_word' id='word_1_237' title='bbox 915 4423 1024 4475; x_wconf 88' lang='lat' dir='ltr'>Coactus</span> <span class='ocrx_word' id='word_1_238' title='bbox 1042 4430 1080 4474; x_wconf 89' lang='lat' dir='ltr'>est</span> <span class='ocrx_word' id='word_1_239' title='bbox 1097 4423 1129 4473; x_wconf 93' lang='lat' dir='ltr'>ab</span> <span class='ocrx_word' id='word_1_240' title='bbox 1143 4423 1212 4492; x_wconf 90' lang='lat' dir='ltr'>epis-</span> 
     </span>
    </p>
   </div>
   <div class='ocr_carea' id='block_1_8' title="bbox 87 4494 1209 4638">
    <p class='ocr_par' dir='ltr' id='par_1_10' title="bbox 87 4494 1209 4635">
     <span class='ocr_line' id='line_1_35' title="bbox 87 4494 1209 4565; baseline 0 -19"><span class='ocrx_word' id='word_1_241' title='bbox 87 4501 182 4565; x_wconf 84' lang='lat' dir='ltr'>copatu</span> <span class='ocrx_word' id='word_1_242' title='bbox 196 4494 348 4547; x_wconf 85' lang='lat' dir='ltr'>Carnotensi</span> <span class='ocrx_word' id='word_1_243' title='bbox 365 4495 503 4546; x_wconf 89' lang='lat' dir='ltr'>discedere.</span> <span class='ocrx_word' id='word_1_244' title='bbox 523 4495 588 4546; x_wconf 83' lang='lat' dir='ltr'>Vide</span> <span class='ocrx_word' id='word_1_245' title='bbox 608 4495 729 4557; x_wconf 89' lang='lat' dir='ltr'>Souchet,</span> <span class='ocrx_word' id='word_1_246' title='bbox 749 4495 795 4555; x_wconf 88' lang='lat' dir='ltr'>lll,</span> <span class='ocrx_word' id='word_1_247' title='bbox 819 4499 880 4556; x_wconf 86' lang='grc'>503,</span> <span class='ocrx_word' id='word_1_248' title='bbox 907 4498 967 4556; x_wconf 78' lang='grc'>503,</span> <span class='ocrx_word' id='word_1_249' title='bbox 985 4497 1046 4555; x_wconf 88' lang='grc'>510,</span> <span class='ocrx_word' id='word_1_250' title='bbox 1073 4497 1133 4554; x_wconf 85' lang='grc'>521,</span> <span class='ocrx_word' id='word_1_251' title='bbox 1149 4497 1209 4547; x_wconf 80' lang='grc'>525.</span> 
     </span>
     <span class='ocr_line' id='line_1_36' title="bbox 88 4566 677 4638; baseline 0.003 -22"><span class='ocrx_word' id='word_1_252' title='bbox 88 4566 677 4638; x_wconf 53' lang='grc' dir='ltr'>111000οΉ11101100]101111“]10010,01111011100.</span> 
     </span>
    </p>
   </div>
   <div class='ocr_carea' id='block_1_9' title="bbox 0 0 1542 5422">
    <p class='ocr_par' dir='ltr' id='par_1_11' title="bbox 0 0 1542 5422">
     <span class='ocr_line' id='line_1_37' title="bbox 0 0 1542 5422; baseline 0 0"><span class='ocrx_word' id='word_1_253' title='bbox 0 0 1542 5422; x_wconf 95' lang='lat' dir='ltr'> </span> 
     </span>
    </p>
   </div>
  </div>
 </body>
</html>
