3074 5422
684 392 840 456 ..56-

247 535 285 598 In
304 533 455 598 Musica:
476 530 624 618 ejusdem
649 529 821 594 Musicam.

247 633 286 696 ln
307 632 517 694 Geometriu:
543 628 726 693 Euclidem.

246 731 286 794 In
304 728 497 816 Astrologio
510 752 515 789 :
529 726 710 791 Ptolemaei
722 725 909 790 Theoricen
920 749 1002 813 quae
1015 737 1047 788 et
1062 726 1182 814 Magna
1191 747 1322 812 compo-

204 828 292 892 sitio.

248 926 286 989 In
304 923 534 1001 Naturalibus,
556 922 751 1002 MoralibuS,
776 922 872 985 rebus
886 922 1030 1009 publicis
1043 935 1075 985 et
1088 945 1123 984 re
1129 921 1299 1009 familiari
1315 945 1321 983 :

204 1022 521 1099 Acroamaticorum,
568 1020 797 1106 Physicorum,
846 1019 1051 1094 Ethicorum,
1092 1018 1321 1094 Politicorum,

204 1119 501 1184 Aeconomicorum
521 1117 712 1182 Aristotelis
728 1141 768 1180 ex
789 1116 878 1180 lonte
898 1117 972 1204 puri
989 1116 1146 1179 bibantur
1161 1115 1321 1203 liquores.

250 1219 298 1280 Ex
316 1216 369 1279 his
396 1216 483 1279 enim
515 1215 662 1304 legitime
691 1215 852 1278 transitur
879 1214 920 1277 ad
940 1215 1027 1301 leges
1048 1237 1114 1276 non
1143 1226 1178 1276 ut
1198 1213 1324 1277 ditetur

206 1316 292 1402 quis,
311 1338 377 1377 non
403 1326 438 1376 ut
458 1313 613 1377 rutiletur
634 1337 746 1390 coccO,
765 1325 820 1376 aut
840 1310 997 1400 effulgeat
1015 1324 1123 1389 ostro;
1146 1311 1205 1375 sed
1226 1323 1261 1374 ut
1282 1311 1326 1374 sit

207 1412 303 1490 fidus,
322 1412 601 1498 incorruptusque
619 1411 767 1498 justitiae
789 1410 951 1473 minister.

252 1510 319 1575 Sed
340 1510 397 1598 qui
417 1509 505 1573 volet
529 1510 610 1572 haec
637 1508 677 1571 ad
702 1508 800 1571 linem
830 1508 995 1572 deducere
1025 1508 1230 1595 superiorem
1256 1506 1326 1570 seli·

207 1609 343 1696 ciusque
363 1607 479 1685 otium,
503 1619 721 1694 praeparetur
741 1606 775 1669 in
800 1606 896 1669 libris
921 1605 1112 1670 Aristotelis
1128 1606 1185 1693 qui
1213 1620 1326 1669 trans-

207 1707 451 1770 mundonorum
481 1718 513 1768 et
544 1704 840 1790 metoplrysicorum
876 1716 963 1781 sunt,
991 1705 1115 1793 quique
1149 1704 1190 1767 de
1220 1703 1327 1790 prima

209 1803 543 1890 supramundanaque
559 1802 772 1889 philosophia
788 1814 1032 1889 nuncupantur.
1052 1803 1135 1866 Hinc
1152 1802 1229 1865 libri
1241 1800 1328 1864 sacri

208 1925 282 1965 curn
306 1901 519 1964 veneratione
535 1912 730 1964 tractentur.
754 1900 883 1982 Quibus
904 1901 1008 1964 assint
1028 1901 1165 1964 comites
1187 1899 1328 1986 Cypria·

208 2023 282 2077 nus,
305 1998 462 2075 Hilarius,
495 1998 670 2085 Origenes,
695 1997 927 2086 Hieronymus,
962 1997 1181 2086 Augustinus,
1217 1997 1328 2083 Chry·

209 2108 386 2173 sostomus,
408 2095 620 2173 AthanasiuS,
639 2095 877 2172 Nazianzenus,
897 2097 1120 2159 Damascenus
1135 2108 1168 2159 et
1187 2095 1327 2158 similes.

255 2197 292 2257 ln
313 2194 365 2258 his
377 2206 485 2257 autem
497 2205 607 2256 mente
619 2205 757 2281 purgata
767 2207 799 2257 et
816 2194 968 2256 sensibus
980 2194 1180 2271 exercitatis,
1196 2193 1331 2257 actione

210 2293 295 2355 vitae
316 2304 537 2356 consentanea
566 2304 599 2355 et
627 2315 755 2354 morum
784 2291 971 2367 honestate,
1003 2292 1137 2355 calcatis
1163 2291 1264 2366 vitiis,
1303 2292 1330 2354 si

212 2413 305 2453 mens
333 2389 527 2480 generosior
547 2388 742 2452 elevatiores
763 2389 1061 2476 contemplationes
1082 2389 1225 2466 affectet,
1250 2413 1333 2476 pau-

212 2487 303 2551 latim
318 2512 357 2551 ex
377 2487 471 2550 libris
491 2488 597 2552 Cusae
619 2499 732 2574 surgat
748 2499 780 2550 et
800 2486 903 2550 divini
919 2487 1072 2574 Dionysii
1093 2500 1126 2551 et
1145 2488 1172 2550 si
1189 2487 1246 2574 qui
1263 2486 1333 2550 sint

211 2585 276 2648 hiis
297 2585 433 2648 similes.
1329 2577 1331 2583 '

258 2686 349 2746 Hanc
364 2682 479 2769 procul
494 2682 595 2746 dubio
612 2683 789 2772 ingenuam
805 2695 837 2746 et
862 2682 1034 2747 liberalem
1050 2684 1233 2771 putaverim
1257 2709 1332 2748 esse

213 2780 488 2844 institutionem.¹
511 2805 527 2840 »

258 2878 356 2960 Quod
371 2902 592 2968 programma,
611 2879 652 2942 de
665 2880 767 2942 verbo
783 2878 851 2942 sere
873 2879 913 2942 ad
932 2881 1080 2957 verbum,
1103 2879 1331 2958 ClichtoveuS,

213 2988 282 3039 tum
303 2976 336 3039 in
350 2975 513 3055 docendo,
535 2988 605 3039 tum
622 2977 655 3040 in
672 2977 861 3055 scribendo,
885 2977 969 3041 duce
991 2978 1193 3065 Stapulensi,
1216 2978 1334 3065 imple·

214 3074 270 3150 vit,
311 3074 426 3137 saltem
460 3099 564 3162 usque
593 3074 634 3137 ad
668 3075 929 3138 controversiam
956 3076 1190 3153 Lutheranam,
1228 3088 1265 3139 ut
1295 3100 1336 3140 ex

214 3170 364 3235 dicendis
381 3172 498 3236 melius
519 3172 696 3237 constabit.

563 3501 705 3566 CAPUT
731 3504 984 3567 SECUNDUM.

273 3717 489 3758 cucurovnt's
515 3718 639 3757 STUDllS
664 3720 763 3759 FAVET
787 3721 1090 3762 Gunmmsrlcatluus
1115 3722 1276 3772 stututoun

526 3816 647 3856 PROSAM
673 3818 712 3856 ET
738 3819 852 3859 POESIM
877 3820 1024 3861 Excomr.

263 4035 307 4098 Ut
335 4057 352 4096 a
381 4032 605 4097 fundamentis
637 4034 820 4098 litterarum
848 4036 1093 4100 restitutionem
1128 4062 1201 4100 rum
1227 4039 1335 4103 Fabro

218 4130 392 4219 inciperet.
425 4131 649 4211 ClichtoreuS,
680 4134 874 4222 priusquam
903 4159 1002 4221 opera
1023 4134 1064 4198 ad
1089 4135 1336 4222 philosophiam

254 4409 279 4458 1.
301 4409 332 4458 Iu
346 4405 468 4459 Politice
483 4407 662 4459 annotationes
675 4408 708 4459 ad
719 4427 774 4478 rap.
786 4407 832 4463 t'l.
846 4409 891 4460 lib.
906 4408 977 4465 Vlll.
995 4413 1070 4463 1505.
1085 4442 1115 4450 -
1129 4411 1194 4462 lluir
1204 4429 1338 4481 program-

218 4478 281 4529 mati
299 4477 382 4529 simile
403 4486 441 4529 ost
461 4478 530 4548 quod
546 4478 580 4529 H.
602 4478 760 4535 Guebwilor.
780 4499 849 4531 anno
866 4483 943 4539 1514,
964 4482 1042 4534 edens
1054 4483 1293 4535 Introductionem
1308 4485 1337 4536 iu

218 4548 366 4620 Physicam
383 4550 600 4621 Poraphrusim.
618 4550 784 4620 Argentorati
798 4551 943 4604 delineavit.
961 4552 992 4603 Υ.
1012 4553 1123 4622 llaegh..
1140 4574 1166 4625 p.
1184 4556 1244 4607 349.
