<?xml version="1.0" encoding="UTF-8"?>
<!DOCTYPE html PUBLIC "-//W3C//DTD XHTML 1.0 Transitional//EN"
    "http://www.w3.org/TR/xhtml1/DTD/xhtml1-transitional.dtd">
<html xmlns="http://www.w3.org/1999/xhtml" xml:lang="en" lang="en">
 <head>
  <title>
</title>
<meta http-equiv="Content-Type" content="text/html;charset=utf-8" />
  <meta name='ocr-system' content='tesseract 3.04.00' />
  <meta name='ocr-capabilities' content='ocr_page ocr_carea ocr_par ocr_line ocrx_word'/>
</head>
<body>
  <div class='ocr_page' id='page_1' title='image "./dejudociclichto00clergoog_0151.png"; bbox 0 0 3074 5422; ppageno 0'>
   <div class='ocr_carea' id='block_1_1' title="bbox 791 407 969 468">
    <p class='ocr_par' dir='ltr' id='par_1_1' title="bbox 791 407 969 468">
     <span class='ocr_line' id='line_1_1' title="bbox 791 407 969 468; baseline 0.006 -1"><span class='ocrx_word' id='word_1_1' title='bbox 791 407 969 468; x_wconf 78' lang='lat' dir='ltr'>-lll-</span> 
     </span>
    </p>
   </div>
   <div class='ocr_carea' id='block_1_2' title="bbox 319 539 1447 4624">
    <p class='ocr_par' dir='ltr' id='par_1_2' title="bbox 319 539 1445 1312">
     <span class='ocr_line' id='line_1_2' title="bbox 319 539 1442 602; baseline -0.001 -1"><span class='ocrx_word' id='word_1_2' title='bbox 319 564 384 602; x_wconf 87' lang='lat' dir='ltr'>esse</span> <span class='ocrx_word' id='word_1_3' title='bbox 394 543 499 601; x_wconf 90' lang='lat' dir='ltr'>decem</span> <span class='ocrx_word' id='word_1_4' title='bbox 512 541 604 599; x_wconf 89' lang='lat' dir='ltr'>libras</span> <span class='ocrx_word' id='word_1_5' title='bbox 618 547 811 599; x_wconf 80' lang='lat' dir='ltr'>turonenses.</span> <span class='ocrx_word' id='word_1_6' title='bbox 826 574 862 585; x_wconf 90' lang='lat'><em>-</em></span> <span class='ocrx_word' id='word_1_7' title='bbox 876 539 984 598; x_wconf 87' lang='lat' dir='ltr'>Preter</span> <span class='ocrx_word' id='word_1_8' title='bbox 996 539 1055 598; x_wconf 92' lang='lat' dir='ltr'>hoc</span> <span class='ocrx_word' id='word_1_9' title='bbox 1065 540 1156 599; x_wconf 90' lang='lat' dir='ltr'>etiam</span> <span class='ocrx_word' id='word_1_10' title='bbox 1169 548 1357 600; x_wconf 90' lang='lat' dir='ltr'>conventum</span> <span class='ocrx_word' id='word_1_11' title='bbox 1370 541 1442 600; x_wconf 86' lang='lat' dir='ltr'>Fra·</span> 
     </span>
     <span class='ocr_line' id='line_1_3' title="bbox 320 628 1443 708; baseline -0.002 -18"><span class='ocrx_word' id='word_1_12' title='bbox 320 639 401 691; x_wconf 90' lang='lat' dir='ltr'>trum</span> <span class='ocrx_word' id='word_1_13' title='bbox 415 631 571 689; x_wconf 87' lang='lat' dir='ltr'>Minorum</span> <span class='ocrx_word' id='word_1_14' title='bbox 583 639 669 688; x_wconf 86' lang='lat' dir='ltr'>extra</span> <span class='ocrx_word' id='word_1_15' title='bbox 681 649 786 688; x_wconf 90' lang='lat' dir='ltr'>muros</span> <span class='ocrx_word' id='word_1_16' title='bbox 796 628 1003 687; x_wconf 86' lang='lat' dir='ltr'>Caruotenses</span> <span class='ocrx_word' id='word_1_17' title='bbox 1020 628 1112 687; x_wconf 92' lang='lat' dir='ltr'>situm</span> <span class='ocrx_word' id='word_1_18' title='bbox 1128 635 1239 708; x_wconf 85' lang='lat' dir='ltr'><strong>expeto</strong></span> <span class='ocrx_word' id='word_1_19' title='bbox 1250 635 1317 688; x_wconf 90' lang='lat' dir='ltr'>tum</span> <span class='ocrx_word' id='word_1_20' title='bbox 1329 649 1443 688; x_wconf 90' lang='lat' dir='ltr'>convo·</span> 
     </span>
     <span class='ocr_line' id='line_1_4' title="bbox 319 717 1444 798; baseline -0.004 -17"><span class='ocrx_word' id='word_1_21' title='bbox 319 721 382 782; x_wconf 91' lang='lat' dir='ltr'>cari</span> <span class='ocrx_word' id='word_1_22' title='bbox 398 719 436 778; x_wconf 93' lang='lat' dir='ltr'>ad</span> <span class='ocrx_word' id='word_1_23' title='bbox 457 718 696 778; x_wconf 90' lang='lat' dir='ltr'>conductionem</span> <span class='ocrx_word' id='word_1_24' title='bbox 714 719 774 777; x_wconf 91' lang='lat' dir='ltr'>mei</span> <span class='ocrx_word' id='word_1_25' title='bbox 794 717 909 776; x_wconf 90' lang='lat' dir='ltr'>luneris</span> <span class='ocrx_word' id='word_1_26' title='bbox 925 724 956 776; x_wconf 90' lang='lat' dir='ltr'>et</span> <span class='ocrx_word' id='word_1_27' title='bbox 972 717 1010 775; x_wconf 90' lang='lat' dir='ltr'>ad</span> <span class='ocrx_word' id='word_1_28' title='bbox 1032 717 1238 777; x_wconf 71' lang='lat' dir='ltr'>assistentiam</span> <span class='ocrx_word' id='word_1_29' title='bbox 1253 717 1284 776; x_wconf 91' lang='lat' dir='ltr'>in</span> <span class='ocrx_word' id='word_1_30' title='bbox 1304 718 1444 798; x_wconf 85' lang='lat' dir='ltr'>exequiis</span> 
     </span>
     <span class='ocr_line' id='line_1_5' title="bbox 320 806 1441 890; baseline -0.002 -22"><span class='ocrx_word' id='word_1_31' title='bbox 320 829 475 890; x_wconf 90' lang='lat' dir='ltr'>promere</span> <span class='ocrx_word' id='word_1_32' title='bbox 491 815 561 866; x_wconf 91' lang='lat' dir='ltr'>ante</span> <span class='ocrx_word' id='word_1_33' title='bbox 572 807 762 887; x_wconf 78' lang='lat' dir='ltr'>sepulturam</span> <span class='ocrx_word' id='word_1_34' title='bbox 778 806 970 866; x_wconf 86' lang='lat' dir='ltr'>celebrandis</span> <span class='ocrx_word' id='word_1_35' title='bbox 985 814 1016 866; x_wconf 93' lang='lat' dir='ltr'>et</span> <span class='ocrx_word' id='word_1_36' title='bbox 1031 807 1060 865; x_wconf 90' lang='lat' dir='ltr'>in</span> <span class='ocrx_word' id='word_1_37' title='bbox 1077 807 1141 888; x_wconf 90' lang='lat' dir='ltr'>ipsa</span> <span class='ocrx_word' id='word_1_38' title='bbox 1157 807 1249 866; x_wconf 92' lang='lat' dir='ltr'>etiam</span> <span class='ocrx_word' id='word_1_39' title='bbox 1265 806 1441 887; x_wconf 83' lang='lat' dir='ltr'>sepultura:</span> 
     </span>
     <span class='ocr_line' id='line_1_6' title="bbox 319 895 1443 978; baseline -0.003 -20"><span class='ocrx_word' id='word_1_40' title='bbox 319 899 368 958; x_wconf 89' lang='lat' dir='ltr'>cui</span> <span class='ocrx_word' id='word_1_41' title='bbox 384 918 441 978; x_wconf 90' lang='lat' dir='ltr'>pro</span> <span class='ocrx_word' id='word_1_42' title='bbox 457 896 509 955; x_wconf 91' lang='lat' dir='ltr'>tali</span> <span class='ocrx_word' id='word_1_43' title='bbox 523 897 673 956; x_wconf 88' lang='lat' dir='ltr'>comitatu</span> <span class='ocrx_word' id='word_1_44' title='bbox 686 903 717 955; x_wconf 90' lang='lat' dir='ltr'>et</span> <span class='ocrx_word' id='word_1_45' title='bbox 733 917 789 977; x_wconf 88' lang='lat' dir='ltr'>pro</span> <span class='ocrx_word' id='word_1_46' title='bbox 805 895 1012 955; x_wconf 86' lang='lat' dir='ltr'>celebratione</span> <span class='ocrx_word' id='word_1_47' title='bbox 1028 896 1128 955; x_wconf 87' lang='lat' dir='ltr'>Officii</span> <span class='ocrx_word' id='word_1_48' title='bbox 1139 902 1333 954; x_wconf 90' lang='lat' dir='ltr'>mortuorum</span> <span class='ocrx_word' id='word_1_49' title='bbox 1351 896 1443 976; x_wconf 90' lang='lat' dir='ltr'>paulo</span> 
     </span>
     <span class='ocr_line' id='line_1_7' title="bbox 320 984 1444 1067; baseline -0.002 -21"><span class='ocrx_word' id='word_1_50' title='bbox 320 995 390 1067; x_wconf 89' lang='lat' dir='ltr'>post</span> <span class='ocrx_word' id='word_1_51' title='bbox 403 987 432 1044; x_wconf 89' lang='lat' dir='ltr'>in</span> <span class='ocrx_word' id='word_1_52' title='bbox 445 986 538 1044; x_wconf 89' lang='lat' dir='ltr'>domo</span> <span class='ocrx_word' id='word_1_53' title='bbox 553 985 691 1065; x_wconf 88' lang='lat' dir='ltr'>ipsorum</span> <span class='ocrx_word' id='word_1_54' title='bbox 708 1006 763 1065; x_wconf 88' lang='lat' dir='ltr'>pro</span> <span class='ocrx_word' id='word_1_55' title='bbox 777 1006 825 1043; x_wconf 93' lang='lat' dir='ltr'>me</span> <span class='ocrx_word' id='word_1_56' title='bbox 838 984 976 1043; x_wconf 82' lang='lat' dir='ltr'>facienda</span> <span class='ocrx_word' id='word_1_57' title='bbox 991 984 1074 1064; x_wconf 76' lang='lat' dir='ltr'>(cum</span> <span class='ocrx_word' id='word_1_58' title='bbox 1088 985 1221 1064; x_wconf 92' lang='lat' dir='ltr'>primum</span> <span class='ocrx_word' id='word_1_59' title='bbox 1237 984 1267 1042; x_wconf 93' lang='lat' dir='ltr'>id</span> <span class='ocrx_word' id='word_1_60' title='bbox 1279 985 1444 1044; x_wconf 91' lang='lat' dir='ltr'>commode</span> 
     </span>
     <span class='ocr_line' id='line_1_8' title="bbox 319 1073 1444 1155; baseline 0 -23"><span class='ocrx_word' id='word_1_61' title='bbox 319 1076 387 1134; x_wconf 90' lang='lat' dir='ltr'>fieri</span> <span class='ocrx_word' id='word_1_62' title='bbox 404 1075 552 1155; x_wconf 79' lang='lat' dir='ltr'>potuerit,</span> <span class='ocrx_word' id='word_1_63' title='bbox 573 1095 629 1154; x_wconf 93' lang='lat' dir='ltr'>per</span> <span class='ocrx_word' id='word_1_64' title='bbox 644 1074 774 1152; x_wconf 79' lang='lat' dir='ltr'>Vigilias</span> <span class='ocrx_word' id='word_1_65' title='bbox 793 1079 999 1146; x_wconf 79' lang='lat' dir='ltr'>mortuorum,</span> <span class='ocrx_word' id='word_1_66' title='bbox 1018 1073 1310 1133; x_wconf 88' lang='lat' dir='ltr'>Commendationes</span> <span class='ocrx_word' id='word_1_67' title='bbox 1325 1073 1444 1133; x_wconf 91' lang='lat' dir='ltr'>anima·</span> 
     </span>
     <span class='ocr_line' id='line_1_9' title="bbox 320 1161 1445 1244; baseline -0.001 -22"><span class='ocrx_word' id='word_1_68' title='bbox 320 1185 388 1223; x_wconf 94' lang='lat' dir='ltr'>rum</span> <span class='ocrx_word' id='word_1_69' title='bbox 412 1171 442 1223; x_wconf 91' lang='lat' dir='ltr'>et</span> <span class='ocrx_word' id='word_1_70' title='bbox 465 1163 588 1222; x_wconf 91' lang='lat' dir='ltr'>missam</span> <span class='ocrx_word' id='word_1_71' title='bbox 615 1184 671 1242; x_wconf 91' lang='lat' dir='ltr'>pro</span> <span class='ocrx_word' id='word_1_72' title='bbox 696 1162 852 1222; x_wconf 88' lang='lat' dir='ltr'>defunctis</span> <span class='ocrx_word' id='word_1_73' title='bbox 872 1161 1052 1222; x_wconf 90' lang='lat' dir='ltr'>solemniter</span> <span class='ocrx_word' id='word_1_74' title='bbox 1075 1161 1304 1244; x_wconf 82' lang='lat' dir='ltr'>celebrandam)</span> <span class='ocrx_word' id='word_1_75' title='bbox 1332 1163 1445 1222; x_wconf 90' lang='lat' dir='ltr'>ordino</span> 
     </span>
     <span class='ocr_line' id='line_1_10' title="bbox 319 1251 1068 1312; baseline -0.001 -2"><span class='ocrx_word' id='word_1_76' title='bbox 319 1253 435 1312; x_wconf 91' lang='lat' dir='ltr'>dandas</span> <span class='ocrx_word' id='word_1_77' title='bbox 450 1253 542 1311; x_wconf 91' lang='lat' dir='ltr'>etiam</span> <span class='ocrx_word' id='word_1_78' title='bbox 559 1272 625 1311; x_wconf 90' lang='lat' dir='ltr'>esse</span> <span class='ocrx_word' id='word_1_79' title='bbox 641 1251 747 1311; x_wconf 91' lang='lat' dir='ltr'>decem</span> <span class='ocrx_word' id='word_1_80' title='bbox 763 1252 855 1310; x_wconf 90' lang='lat' dir='ltr'>libras</span> <span class='ocrx_word' id='word_1_81' title='bbox 873 1258 1068 1311; x_wconf 86' lang='lat' dir='ltr'>turonenses.</span> 
     </span>
    </p>

    <p class='ocr_par' dir='ltr' id='par_1_3' title="bbox 320 1339 1447 4624">
     <span class='ocr_line' id='line_1_11' title="bbox 359 1339 1446 1421; baseline 0.001 -21"><span class='ocrx_word' id='word_1_82' title='bbox 359 1341 409 1400; x_wconf 90' lang='lat' dir='ltr'>Ad</span> <span class='ocrx_word' id='word_1_83' title='bbox 424 1341 490 1413; x_wconf 78' lang='lat' dir='ltr'>hec,</span> <span class='ocrx_word' id='word_1_84' title='bbox 509 1341 577 1421; x_wconf 91' lang='lat' dir='ltr'>ipso</span> <span class='ocrx_word' id='word_1_85' title='bbox 597 1340 646 1399; x_wconf 91' lang='lat' dir='ltr'>die</span> <span class='ocrx_word' id='word_1_86' title='bbox 664 1339 880 1400; x_wconf 90' lang='lat' dir='ltr'>tumulationis</span> <span class='ocrx_word' id='word_1_87' title='bbox 904 1361 981 1413; x_wconf 78' lang='lat' dir='ltr'>mee,</span> <span class='ocrx_word' id='word_1_88' title='bbox 1004 1340 1125 1414; x_wconf 88' lang='lat' dir='ltr'>ordino,</span> <span class='ocrx_word' id='word_1_89' title='bbox 1147 1361 1204 1421; x_wconf 90' lang='lat' dir='ltr'>pro</span> <span class='ocrx_word' id='word_1_90' title='bbox 1224 1341 1322 1401; x_wconf 91' lang='lat' dir='ltr'>salute</span> <span class='ocrx_word' id='word_1_91' title='bbox 1342 1341 1446 1401; x_wconf 93' lang='lat' dir='ltr'>anime</span> 
     </span>
     <span class='ocr_line' id='line_1_12' title="bbox 320 1429 1445 1509; baseline 0 -20"><span class='ocrx_word' id='word_1_92' title='bbox 320 1451 398 1504; x_wconf 87' lang='lat' dir='ltr'>mee,</span> <span class='ocrx_word' id='word_1_93' title='bbox 420 1429 618 1489; x_wconf 89' lang='lat' dir='ltr'>celebrandas</span> <span class='ocrx_word' id='word_1_94' title='bbox 643 1450 710 1488; x_wconf 91' lang='lat' dir='ltr'>esse</span> <span class='ocrx_word' id='word_1_95' title='bbox 730 1429 858 1507; x_wconf 84' lang='lat' dir='ltr'>triginta</span> <span class='ocrx_word' id='word_1_96' title='bbox 880 1429 988 1488; x_wconf 88' lang='lat' dir='ltr'>missas</span> <span class='ocrx_word' id='word_1_97' title='bbox 1009 1429 1145 1509; x_wconf 90' lang='lat' dir='ltr'>privatas</span> <span class='ocrx_word' id='word_1_98' title='bbox 1164 1436 1195 1489; x_wconf 89' lang='lat' dir='ltr'>et</span> <span class='ocrx_word' id='word_1_99' title='bbox 1213 1429 1278 1489; x_wconf 91' lang='lat' dir='ltr'>sine</span> <span class='ocrx_word' id='word_1_100' title='bbox 1298 1437 1392 1489; x_wconf 91' lang='lat' dir='ltr'>cantu</span> <span class='ocrx_word' id='word_1_101' title='bbox 1414 1430 1445 1489; x_wconf 89' lang='lat' dir='ltr'>in</span> 
     </span>
     <span class='ocr_line' id='line_1_13' title="bbox 320 1518 1446 1600; baseline 0.002 -24"><span class='ocrx_word' id='word_1_102' title='bbox 320 1518 458 1598; x_wconf 89' lang='lat' dir='ltr'>predicta</span> <span class='ocrx_word' id='word_1_103' title='bbox 473 1518 602 1578; x_wconf 91' lang='lat' dir='ltr'>ecclesia</span> <span class='ocrx_word' id='word_1_104' title='bbox 623 1518 869 1578; x_wconf 90' lang='lat' dir='ltr'>Sancti-Andree</span> <span class='ocrx_word' id='word_1_105' title='bbox 885 1539 941 1599; x_wconf 93' lang='lat' dir='ltr'>pro</span> <span class='ocrx_word' id='word_1_106' title='bbox 963 1518 1125 1591; x_wconf 61' lang='lat' dir='ltr'>defunctis</span> <span class='ocrx_word' id='word_1_107' title='bbox 1148 1525 1180 1578; x_wconf 91' lang='lat' dir='ltr'>et</span> <span class='ocrx_word' id='word_1_108' title='bbox 1201 1519 1231 1577; x_wconf 93' lang='lat' dir='ltr'>iu</span> <span class='ocrx_word' id='word_1_109' title='bbox 1252 1519 1446 1600; x_wconf 86' lang='lat' dir='ltr'>elemosynas</span> 
     </span>
     <span class='ocr_line' id='line_1_14' title="bbox 320 1606 1444 1688; baseline 0.001 -22"><span class='ocrx_word' id='word_1_110' title='bbox 320 1607 493 1686; x_wconf 82' lang='lat' dir='ltr'>erogandos</span> <span class='ocrx_word' id='word_1_111' title='bbox 510 1628 577 1666; x_wconf 88' lang='lat' dir='ltr'>esse</span> <span class='ocrx_word' id='word_1_112' title='bbox 597 1607 786 1688; x_wconf 89' lang='lat' dir='ltr'>pauperibus</span> <span class='ocrx_word' id='word_1_113' title='bbox 805 1606 914 1666; x_wconf 88' lang='lat' dir='ltr'>eodem</span> <span class='ocrx_word' id='word_1_114' title='bbox 931 1607 980 1667; x_wconf 91' lang='lat' dir='ltr'>die</span> <span class='ocrx_word' id='word_1_115' title='bbox 995 1607 1199 1687; x_wconf 84' lang='lat' dir='ltr'>quadraginta</span> <span class='ocrx_word' id='word_1_116' title='bbox 1220 1607 1337 1667; x_wconf 89' lang='lat' dir='ltr'>solidos</span> <span class='ocrx_word' id='word_1_117' title='bbox 1358 1617 1444 1668; x_wconf 90' lang='lat' dir='ltr'>turo-</span> 
     </span>
     <span class='ocr_line' id='line_1_15' title="bbox 320 1695 1446 1776; baseline 0 -21"><span class='ocrx_word' id='word_1_118' title='bbox 320 1716 430 1755; x_wconf 89' lang='lat' dir='ltr'>nenses</span> <span class='ocrx_word' id='word_1_119' title='bbox 452 1697 481 1754; x_wconf 93' lang='lat' dir='ltr'>in</span> <span class='ocrx_word' id='word_1_120' title='bbox 499 1695 670 1756; x_wconf 90' lang='lat' dir='ltr'>subsidium</span> <span class='ocrx_word' id='word_1_121' title='bbox 687 1717 721 1755; x_wconf 92' lang='lat' dir='ltr'>ac</span> <span class='ocrx_word' id='word_1_122' title='bbox 737 1695 936 1755; x_wconf 87' lang='lat' dir='ltr'>sublevamen</span> <span class='ocrx_word' id='word_1_123' title='bbox 959 1697 1060 1755; x_wconf 91' lang='lat' dir='ltr'>anime</span> <span class='ocrx_word' id='word_1_124' title='bbox 1081 1717 1148 1756; x_wconf 88' lang='lat' dir='ltr'>mee</span> <span class='ocrx_word' id='word_1_125' title='bbox 1170 1697 1253 1776; x_wconf 92' lang='lat' dir='ltr'>apud</span> <span class='ocrx_word' id='word_1_126' title='bbox 1271 1697 1385 1756; x_wconf 86' lang='lat' dir='ltr'>Deum.</span> <span class='ocrx_word' id='word_1_127' title='bbox 1407 1732 1446 1742; x_wconf 88' lang='lat'>-</span> 
     </span>
     <span class='ocr_line' id='line_1_16' title="bbox 322 1784 1445 1866; baseline 0.004 -24"><span class='ocrx_word' id='word_1_128' title='bbox 322 1785 451 1865; x_wconf 88' lang='lat' dir='ltr'>Insuper</span> <span class='ocrx_word' id='word_1_129' title='bbox 464 1785 568 1865; x_wconf 92' lang='lat' dir='ltr'>aliquo</span> <span class='ocrx_word' id='word_1_130' title='bbox 584 1785 633 1844; x_wconf 91' lang='lat' dir='ltr'>die</span> <span class='ocrx_word' id='word_1_131' title='bbox 648 1792 718 1844; x_wconf 91' lang='lat' dir='ltr'>ante</span> <span class='ocrx_word' id='word_1_132' title='bbox 732 1793 872 1845; x_wconf 90' lang='lat' dir='ltr'>octavam</span> <span class='ocrx_word' id='word_1_133' title='bbox 884 1806 900 1843; x_wconf 92' lang='lat' dir='ltr'>a</span> <span class='ocrx_word' id='word_1_134' title='bbox 914 1793 1014 1844; x_wconf 90' lang='lat' dir='ltr'>morte</span> <span class='ocrx_word' id='word_1_135' title='bbox 1026 1806 1091 1844; x_wconf 92' lang='lat' dir='ltr'>mea</span> <span class='ocrx_word' id='word_1_136' title='bbox 1104 1784 1197 1857; x_wconf 71' lang='lat' dir='ltr'>diem,</span> <span class='ocrx_word' id='word_1_137' title='bbox 1211 1794 1283 1866; x_wconf 90' lang='lat' dir='ltr'>peto</span> <span class='ocrx_word' id='word_1_138' title='bbox 1296 1786 1363 1845; x_wconf 84' lang='lat' dir='ltr'>fieri</span> <span class='ocrx_word' id='word_1_139' title='bbox 1375 1794 1445 1866; x_wconf 91' lang='lat' dir='ltr'>post</span> 
     </span>
     <span class='ocr_line' id='line_1_17' title="bbox 321 1873 1442 1953; baseline 0.003 -22"><span class='ocrx_word' id='word_1_140' title='bbox 321 1874 484 1953; x_wconf 90' lang='lat' dir='ltr'>prandium</span> <span class='ocrx_word' id='word_1_141' title='bbox 500 1874 530 1932; x_wconf 89' lang='lat' dir='ltr'>in</span> <span class='ocrx_word' id='word_1_142' title='bbox 546 1874 642 1933; x_wconf 92' lang='lat' dir='ltr'>choro</span> <span class='ocrx_word' id='word_1_143' title='bbox 660 1873 787 1933; x_wconf 89' lang='lat' dir='ltr'>ecclesie</span> <span class='ocrx_word' id='word_1_144' title='bbox 804 1873 998 1933; x_wconf 89' lang='lat' dir='ltr'>Catbedralis</span> <span class='ocrx_word' id='word_1_145' title='bbox 1015 1873 1102 1933; x_wconf 89' lang='lat' dir='ltr'>Beati</span> <span class='ocrx_word' id='word_1_146' title='bbox 1118 1873 1216 1934; x_wconf 91' lang='lat' dir='ltr'>Marie</span> <span class='ocrx_word' id='word_1_147' title='bbox 1231 1874 1442 1949; x_wconf 88' lang='lat' dir='ltr'>Carnotensis,</span> 
     </span>
     <span class='ocr_line' id='line_1_18' title="bbox 322 1962 1445 2044; baseline 0.004 -25"><span class='ocrx_word' id='word_1_148' title='bbox 322 1962 453 2041; x_wconf 83' lang='lat' dir='ltr'>Vigilias</span> <span class='ocrx_word' id='word_1_149' title='bbox 471 1969 665 2022; x_wconf 92' lang='lat' dir='ltr'>mortuorum</span> <span class='ocrx_word' id='word_1_150' title='bbox 687 1962 839 2022; x_wconf 88' lang='lat' dir='ltr'>solemnes</span> <span class='ocrx_word' id='word_1_151' title='bbox 861 1984 931 2022; x_wconf 92' lang='lat' dir='ltr'>cum</span> <span class='ocrx_word' id='word_1_152' title='bbox 953 1963 1228 2043; x_wconf 81' lang='lat' dir='ltr'>representatione,</span> <span class='ocrx_word' id='word_1_153' title='bbox 1250 1971 1281 2022; x_wconf 90' lang='lat' dir='ltr'>et</span> <span class='ocrx_word' id='word_1_154' title='bbox 1301 1965 1445 2044; x_wconf 87' lang='lat' dir='ltr'>sequenti</span> 
     </span>
     <span class='ocr_line' id='line_1_19' title="bbox 322 2050 1442 2126; baseline 0.004 -18"><span class='ocrx_word' id='word_1_155' title='bbox 322 2050 382 2123; x_wconf 82' lang='lat' dir='ltr'>die,</span> <span class='ocrx_word' id='word_1_156' title='bbox 398 2051 689 2111; x_wconf 90' lang='lat' dir='ltr'>Commendationes</span> <span class='ocrx_word' id='word_1_157' title='bbox 705 2052 875 2110; x_wconf 91' lang='lat' dir='ltr'>animarum</span> <span class='ocrx_word' id='word_1_158' title='bbox 891 2072 961 2110; x_wconf 90' lang='lat' dir='ltr'>cum</span> <span class='ocrx_word' id='word_1_159' title='bbox 973 2052 1063 2112; x_wconf 90' lang='lat' dir='ltr'>missa</span> <span class='ocrx_word' id='word_1_160' title='bbox 1076 2051 1206 2111; x_wconf 86' lang='lat' dir='ltr'>solemni</span> <span class='ocrx_word' id='word_1_161' title='bbox 1222 2052 1260 2112; x_wconf 93' lang='lat' dir='ltr'>de</span> <span class='ocrx_word' id='word_1_162' title='bbox 1275 2052 1442 2126; x_wconf 79' lang='lat' dir='ltr'>defunctis,</span> 
     </span>
     <span class='ocr_line' id='line_1_20' title="bbox 322 2139 1445 2221; baseline 0.002 -22"><span class='ocrx_word' id='word_1_163' title='bbox 322 2139 471 2219; x_wconf 87' lang='lat' dir='ltr'>adjuncto</span> <span class='ocrx_word' id='word_1_164' title='bbox 493 2139 582 2220; x_wconf 92' lang='lat' dir='ltr'>pulsu</span> <span class='ocrx_word' id='word_1_165' title='bbox 601 2140 729 2199; x_wconf 89' lang='lat' dir='ltr'>solemni</span> <span class='ocrx_word' id='word_1_166' title='bbox 746 2147 775 2199; x_wconf 91' lang='lat' dir='ltr'>et</span> <span class='ocrx_word' id='word_1_167' title='bbox 792 2141 923 2200; x_wconf 90' lang='lat' dir='ltr'>honesto</span> <span class='ocrx_word' id='word_1_168' title='bbox 943 2141 1104 2213; x_wconf 91' lang='lat' dir='ltr'>luminari;</span> <span class='ocrx_word' id='word_1_169' title='bbox 1123 2162 1179 2221; x_wconf 92' lang='lat' dir='ltr'>pro</span> <span class='ocrx_word' id='word_1_170' title='bbox 1194 2162 1256 2221; x_wconf 91' lang='lat' dir='ltr'>quo</span> <span class='ocrx_word' id='word_1_171' title='bbox 1272 2142 1376 2201; x_wconf 86' lang='lat' dir='ltr'>officio</span> <span class='ocrx_word' id='word_1_172' title='bbox 1390 2141 1445 2201; x_wconf 93' lang='lat' dir='ltr'>ho-</span> 
     </span>
     <span class='ocr_line' id='line_1_21' title="bbox 323 2227 1447 2310; baseline 0.003 -24"><span class='ocrx_word' id='word_1_173' title='bbox 323 2236 408 2288; x_wconf 90' lang='lat' dir='ltr'>neste</span> <span class='ocrx_word' id='word_1_174' title='bbox 429 2227 614 2288; x_wconf 90' lang='lat' dir='ltr'>celebrando</span> <span class='ocrx_word' id='word_1_175' title='bbox 629 2229 738 2288; x_wconf 90' lang='lat' dir='ltr'>ordino</span> <span class='ocrx_word' id='word_1_176' title='bbox 752 2229 867 2288; x_wconf 89' lang='lat' dir='ltr'>dandas</span> <span class='ocrx_word' id='word_1_177' title='bbox 883 2250 949 2288; x_wconf 90' lang='lat' dir='ltr'>esse</span> <span class='ocrx_word' id='word_1_178' title='bbox 967 2230 1112 2310; x_wconf 90' lang='lat' dir='ltr'>Capitulo</span> <span class='ocrx_word' id='word_1_179' title='bbox 1134 2230 1230 2309; x_wconf 92' lang='lat' dir='ltr'>ipsius</span> <span class='ocrx_word' id='word_1_180' title='bbox 1250 2229 1380 2291; x_wconf 89' lang='lat' dir='ltr'>ecclesie</span> <span class='ocrx_word' id='word_1_181' title='bbox 1401 2231 1447 2290; x_wconf 91' lang='lat' dir='ltr'>vi-</span> 
     </span>
     <span class='ocr_line' id='line_1_22' title="bbox 323 2317 1446 2399; baseline 0.002 -24"><span class='ocrx_word' id='word_1_182' title='bbox 323 2317 400 2395; x_wconf 83' lang='lat' dir='ltr'>ginti</span> <span class='ocrx_word' id='word_1_183' title='bbox 416 2317 553 2397; x_wconf 91' lang='lat' dir='ltr'>quinque</span> <span class='ocrx_word' id='word_1_184' title='bbox 571 2317 664 2376; x_wconf 90' lang='lat' dir='ltr'>libras</span> <span class='ocrx_word' id='word_1_185' title='bbox 679 2325 872 2391; x_wconf 80' lang='lat' dir='ltr'>turonenses,</span> <span class='ocrx_word' id='word_1_186' title='bbox 895 2318 1092 2399; x_wconf 90' lang='lat' dir='ltr'>applicandas</span> <span class='ocrx_word' id='word_1_187' title='bbox 1113 2318 1151 2378; x_wconf 92' lang='lat' dir='ltr'>ad</span> <span class='ocrx_word' id='word_1_188' title='bbox 1171 2318 1326 2379; x_wconf 90' lang='lat' dir='ltr'>laciendas</span> <span class='ocrx_word' id='word_1_189' title='bbox 1340 2319 1446 2379; x_wconf 89' lang='lat' dir='ltr'>distri-</span> 
     </span>
     <span class='ocr_line' id='line_1_23' title="bbox 323 2405 1445 2488; baseline 0.003 -24"><span class='ocrx_word' id='word_1_190' title='bbox 323 2405 476 2478; x_wconf 75' lang='lat' dir='ltr'>butiones,</span> <span class='ocrx_word' id='word_1_191' title='bbox 498 2406 536 2465; x_wconf 92' lang='lat' dir='ltr'>ad</span> <span class='ocrx_word' id='word_1_192' title='bbox 557 2407 719 2466; x_wconf 90' lang='lat' dir='ltr'>solvendas</span> <span class='ocrx_word' id='word_1_193' title='bbox 734 2406 925 2487; x_wconf 89' lang='lat' dir='ltr'>pulsationes</span> <span class='ocrx_word' id='word_1_194' title='bbox 940 2414 972 2466; x_wconf 92' lang='lat' dir='ltr'>et</span> <span class='ocrx_word' id='word_1_195' title='bbox 992 2407 1141 2468; x_wconf 88' lang='lat' dir='ltr'>luminare</span> <span class='ocrx_word' id='word_1_196' title='bbox 1157 2416 1321 2488; x_wconf 88' lang='lat' dir='ltr'>ceteraque</span> <span class='ocrx_word' id='word_1_197' title='bbox 1342 2409 1445 2468; x_wconf 91' lang='lat' dir='ltr'>omnia</span> 
     </span>
     <span class='ocr_line' id='line_1_24' title="bbox 321 2495 1445 2577; baseline 0.002 -24"><span class='ocrx_word' id='word_1_198' title='bbox 321 2495 481 2575; x_wconf 84' lang='lat' dir='ltr'>requisita.</span> <span class='ocrx_word' id='word_1_199' title='bbox 500 2530 535 2540; x_wconf 89' lang='lat'>—</span> <span class='ocrx_word' id='word_1_200' title='bbox 552 2495 705 2576; x_wconf 86' lang='lat' dir='ltr'>Relinquo</span> <span class='ocrx_word' id='word_1_201' title='bbox 719 2503 860 2576; x_wconf 91' lang='lat' dir='ltr'>preterea</span> <span class='ocrx_word' id='word_1_202' title='bbox 875 2496 961 2576; x_wconf 91' lang='lat' dir='ltr'>operi</span> <span class='ocrx_word' id='word_1_203' title='bbox 977 2505 1008 2556; x_wconf 90' lang='lat' dir='ltr'>et</span> <span class='ocrx_word' id='word_1_204' title='bbox 1028 2496 1144 2556; x_wconf 86' lang='lat' dir='ltr'>fabrice</span> <span class='ocrx_word' id='word_1_205' title='bbox 1159 2497 1299 2577; x_wconf 86' lang='lat' dir='ltr'>ejusdem</span> <span class='ocrx_word' id='word_1_206' title='bbox 1316 2497 1445 2569; x_wconf 89' lang='lat' dir='ltr'>ecclesie</span> 
     </span>
     <span class='ocr_line' id='line_1_25' title="bbox 323 2583 1445 2665; baseline 0.001 -22"><span class='ocrx_word' id='word_1_207' title='bbox 323 2583 517 2643; x_wconf 88' lang='lat' dir='ltr'>Catbedralis</span> <span class='ocrx_word' id='word_1_208' title='bbox 532 2585 755 2665; x_wconf 81' lang='lat' dir='ltr'>quinquaginta</span> <span class='ocrx_word' id='word_1_209' title='bbox 774 2584 868 2644; x_wconf 91' lang='lat' dir='ltr'>libras</span> <span class='ocrx_word' id='word_1_210' title='bbox 890 2593 1072 2645; x_wconf 89' lang='lat' dir='ltr'>turonenses</span> <span class='ocrx_word' id='word_1_211' title='bbox 1091 2586 1122 2644; x_wconf 93' lang='lat' dir='ltr'>in</span> <span class='ocrx_word' id='word_1_212' title='bbox 1146 2586 1261 2646; x_wconf 92' lang='lat' dir='ltr'>donum</span> <span class='ocrx_word' id='word_1_213' title='bbox 1277 2593 1445 2646; x_wconf 90' lang='lat' dir='ltr'>testamen-</span> 
     </span>
     <span class='ocr_line' id='line_1_26' title="bbox 322 2673 1446 2756; baseline 0.004 -25"><span class='ocrx_word' id='word_1_214' title='bbox 322 2673 445 2745; x_wconf 78' lang='lat' dir='ltr'>tarium,</span> <span class='ocrx_word' id='word_1_215' title='bbox 465 2673 662 2753; x_wconf 90' lang='lat' dir='ltr'>applicandas</span> <span class='ocrx_word' id='word_1_216' title='bbox 680 2695 735 2754; x_wconf 90' lang='lat' dir='ltr'>per</span> <span class='ocrx_word' id='word_1_217' title='bbox 754 2675 910 2754; x_wconf 86' lang='lat' dir='ltr'>prefectos</span> <span class='ocrx_word' id='word_1_218' title='bbox 929 2675 1032 2755; x_wconf 89' lang='lat' dir='ltr'>operis</span> <span class='ocrx_word' id='word_1_219' title='bbox 1053 2674 1135 2734; x_wconf 90' lang='lat' dir='ltr'>illius</span> <span class='ocrx_word' id='word_1_220' title='bbox 1151 2674 1278 2735; x_wconf 89' lang='lat' dir='ltr'>ecclesie</span> <span class='ocrx_word' id='word_1_221' title='bbox 1298 2675 1336 2735; x_wconf 91' lang='lat' dir='ltr'>ad</span> <span class='ocrx_word' id='word_1_222' title='bbox 1357 2697 1446 2756; x_wconf 90' lang='lat' dir='ltr'>repa-</span> 
     </span>
     <span class='ocr_line' id='line_1_27' title="bbox 323 2762 1444 2845; baseline 0.004 -27"><span class='ocrx_word' id='word_1_223' title='bbox 323 2762 474 2821; x_wconf 89' lang='lat' dir='ltr'>rationem</span> <span class='ocrx_word' id='word_1_224' title='bbox 493 2762 632 2842; x_wconf 87' lang='lat' dir='ltr'>ejusdem</span> <span class='ocrx_word' id='word_1_225' title='bbox 655 2770 685 2822; x_wconf 91' lang='lat' dir='ltr'>et</span> <span class='ocrx_word' id='word_1_226' title='bbox 706 2771 921 2823; x_wconf 90' lang='lat' dir='ltr'>ornamentum</span> <span class='ocrx_word' id='word_1_227' title='bbox 945 2771 998 2823; x_wconf 91' lang='lat' dir='ltr'>aut</span> <span class='ocrx_word' id='word_1_228' title='bbox 1017 2763 1055 2823; x_wconf 93' lang='lat' dir='ltr'>ad</span> <span class='ocrx_word' id='word_1_229' title='bbox 1075 2764 1194 2842; x_wconf 84' lang='lat' dir='ltr'>insigne</span> <span class='ocrx_word' id='word_1_230' title='bbox 1217 2764 1344 2844; x_wconf 92' lang='lat' dir='ltr'>aliquod</span> <span class='ocrx_word' id='word_1_231' title='bbox 1365 2785 1444 2845; x_wconf 92' lang='lat' dir='ltr'>opus</span> 
     </span>
     <span class='ocr_line' id='line_1_28' title="bbox 323 2850 1444 2932; baseline 0.003 -23"><span class='ocrx_word' id='word_1_232' title='bbox 323 2850 406 2930; x_wconf 92' lang='lat' dir='ltr'>quod</span> <span class='ocrx_word' id='word_1_233' title='bbox 421 2850 510 2910; x_wconf 90' lang='lat' dir='ltr'>cedat</span> <span class='ocrx_word' id='word_1_234' title='bbox 525 2852 555 2909; x_wconf 91' lang='lat' dir='ltr'>in</span> <span class='ocrx_word' id='word_1_235' title='bbox 572 2851 715 2910; x_wconf 90' lang='lat' dir='ltr'>decorem</span> <span class='ocrx_word' id='word_1_236' title='bbox 735 2851 873 2932; x_wconf 82' lang='lat' dir='ltr'>ejusdem</span> <span class='ocrx_word' id='word_1_237' title='bbox 890 2852 1017 2911; x_wconf 91' lang='lat' dir='ltr'>ecclesie</span> <span class='ocrx_word' id='word_1_238' title='bbox 1036 2854 1205 2912; x_wconf 91' lang='lat' dir='ltr'>secundum</span> <span class='ocrx_word' id='word_1_239' title='bbox 1223 2861 1376 2913; x_wconf 90' lang='lat' dir='ltr'>maturam</span> <span class='ocrx_word' id='word_1_240' title='bbox 1393 2853 1444 2912; x_wconf 92' lang='lat' dir='ltr'>de-</span> 
     </span>
     <span class='ocr_line' id='line_1_29' title="bbox 323 2940 1446 3022; baseline 0.002 -23"><span class='ocrx_word' id='word_1_241' title='bbox 323 2940 571 3000; x_wconf 89' lang='lat' dir='ltr'>terminationem</span> <span class='ocrx_word' id='word_1_242' title='bbox 592 2941 689 3022; x_wconf 91' lang='lat' dir='ltr'>ipsius</span> <span class='ocrx_word' id='word_1_243' title='bbox 706 2941 840 3021; x_wconf 87' lang='lat' dir='ltr'>Capituli</span> <span class='ocrx_word' id='word_1_244' title='bbox 861 2942 1059 3001; x_wconf 89' lang='lat' dir='ltr'>Carnotensis</span> <span class='ocrx_word' id='word_1_245' title='bbox 1074 2963 1109 3001; x_wconf 90' lang='lat' dir='ltr'>ac</span> <span class='ocrx_word' id='word_1_246' title='bbox 1124 2942 1391 3001; x_wconf 89' lang='lat' dir='ltr'>deliberationem.</span> <span class='ocrx_word' id='word_1_247' title='bbox 1407 2977 1446 2987; x_wconf 96' lang='lat'>-</span> 
     </span>
     <span class='ocr_line' id='line_1_30' title="bbox 324 3029 1445 3111; baseline 0.003 -24"><span class='ocrx_word' id='word_1_248' title='bbox 324 3029 433 3088; x_wconf 90' lang='lat' dir='ltr'>Preter</span> <span class='ocrx_word' id='word_1_249' title='bbox 452 3030 508 3089; x_wconf 86' lang='lat' dir='ltr'>hee</span> <span class='ocrx_word' id='word_1_250' title='bbox 529 3031 621 3089; x_wconf 88' lang='lat' dir='ltr'>etiam</span> <span class='ocrx_word' id='word_1_251' title='bbox 645 3031 833 3090; x_wconf 88' lang='lat' dir='ltr'>monasterio</span> <span class='ocrx_word' id='word_1_252' title='bbox 851 3031 1072 3090; x_wconf 90' lang='lat' dir='ltr'>Filiarum-Dei</span> <span class='ocrx_word' id='word_1_253' title='bbox 1092 3031 1181 3111; x_wconf 86' lang='lat' dir='ltr'>juxta</span> <span class='ocrx_word' id='word_1_254' title='bbox 1201 3052 1306 3090; x_wconf 90' lang='lat' dir='ltr'>muros</span> <span class='ocrx_word' id='word_1_255' title='bbox 1327 3032 1445 3091; x_wconf 89' lang='lat' dir='ltr'>Carno-</span> 
     </span>
     <span class='ocr_line' id='line_1_31' title="bbox 324 3119 1445 3200; baseline 0.002 -22"><span class='ocrx_word' id='word_1_256' title='bbox 324 3126 426 3178; x_wconf 90' lang='lat' dir='ltr'>tenses</span> <span class='ocrx_word' id='word_1_257' title='bbox 438 3126 629 3193; x_wconf 84' lang='lat' dir='ltr'>constructe,</span> <span class='ocrx_word' id='word_1_258' title='bbox 647 3120 758 3179; x_wconf 90' lang='lat' dir='ltr'>ordino</span> <span class='ocrx_word' id='word_1_259' title='bbox 768 3121 799 3178; x_wconf 93' lang='lat' dir='ltr'>in</span> <span class='ocrx_word' id='word_1_260' title='bbox 815 3119 998 3200; x_wconf 83' lang='lat' dir='ltr'>legationem</span> <span class='ocrx_word' id='word_1_261' title='bbox 1010 3121 1187 3180; x_wconf 89' lang='lat' dir='ltr'>testamenti</span> <span class='ocrx_word' id='word_1_262' title='bbox 1203 3120 1369 3180; x_wconf 90' lang='lat' dir='ltr'>tradendas</span> <span class='ocrx_word' id='word_1_263' title='bbox 1380 3141 1445 3180; x_wconf 90' lang='lat' dir='ltr'>esse</span> 
     </span>
     <span class='ocr_line' id='line_1_32' title="bbox 324 3206 1446 3288; baseline 0.003 -23"><span class='ocrx_word' id='word_1_264' title='bbox 324 3206 430 3265; x_wconf 89' lang='lat' dir='ltr'>decem</span> <span class='ocrx_word' id='word_1_265' title='bbox 447 3206 541 3266; x_wconf 89' lang='lat' dir='ltr'>libras</span> <span class='ocrx_word' id='word_1_266' title='bbox 557 3217 740 3268; x_wconf 90' lang='lat' dir='ltr'>turonenses</span> <span class='ocrx_word' id='word_1_267' title='bbox 752 3209 782 3266; x_wconf 92' lang='lat' dir='ltr'>in</span> <span class='ocrx_word' id='word_1_268' title='bbox 798 3210 1054 3269; x_wconf 88' lang='lat' dir='ltr'>sustentationem</span> <span class='ocrx_word' id='word_1_269' title='bbox 1070 3209 1283 3288; x_wconf 83' lang='lat' dir='ltr'>religiosarum</span> <span class='ocrx_word' id='word_1_270' title='bbox 1295 3209 1379 3269; x_wconf 92' lang='lat' dir='ltr'>illius</span> <span class='ocrx_word' id='word_1_271' title='bbox 1390 3209 1446 3268; x_wconf 91' lang='lat' dir='ltr'>do·</span> 
     </span>
     <span class='ocr_line' id='line_1_33' title="bbox 323 3296 1443 3378; baseline 0.003 -24"><span class='ocrx_word' id='word_1_272' title='bbox 323 3316 390 3354; x_wconf 89' lang='lat' dir='ltr'>mus</span> <span class='ocrx_word' id='word_1_273' title='bbox 413 3302 443 3354; x_wconf 91' lang='lat' dir='ltr'>et</span> <span class='ocrx_word' id='word_1_274' title='bbox 464 3297 555 3356; x_wconf 90' lang='lat' dir='ltr'>etiam</span> <span class='ocrx_word' id='word_1_275' title='bbox 576 3296 614 3357; x_wconf 93' lang='lat' dir='ltr'>ad</span> <span class='ocrx_word' id='word_1_276' title='bbox 635 3298 860 3378; x_wconf 91' lang='lat' dir='ltr'>reparationem</span> <span class='ocrx_word' id='word_1_277' title='bbox 883 3297 1075 3358; x_wconf 87' lang='lat' dir='ltr'>edificiorum</span> <span class='ocrx_word' id='word_1_278' title='bbox 1096 3298 1234 3378; x_wconf 87' lang='lat' dir='ltr'>ejusdem</span> <span class='ocrx_word' id='word_1_279' title='bbox 1252 3299 1443 3372; x_wconf 86' lang='lat' dir='ltr'>monasterii,</span> 
     </span>
     <span class='ocr_line' id='line_1_34' title="bbox 322 3386 1444 3466; baseline 0.004 -23"><span class='ocrx_word' id='word_1_280' title='bbox 322 3386 647 3466; x_wconf 89' lang='lat' dir='ltr'>expetensimpensius</span> <span class='ocrx_word' id='word_1_281' title='bbox 664 3394 698 3446; x_wconf 91' lang='lat' dir='ltr'>ut</span> <span class='ocrx_word' id='word_1_282' title='bbox 711 3394 799 3446; x_wconf 91' lang='lat' dir='ltr'>orent</span> <span class='ocrx_word' id='word_1_283' title='bbox 816 3386 924 3446; x_wconf 89' lang='lat' dir='ltr'>sedulo</span> <span class='ocrx_word' id='word_1_284' title='bbox 935 3407 991 3466; x_wconf 91' lang='lat' dir='ltr'>pro</span> <span class='ocrx_word' id='word_1_285' title='bbox 1007 3386 1105 3447; x_wconf 92' lang='lat' dir='ltr'>salute</span> <span class='ocrx_word' id='word_1_286' title='bbox 1120 3387 1220 3446; x_wconf 90' lang='lat' dir='ltr'>anime</span> <span class='ocrx_word' id='word_1_287' title='bbox 1236 3408 1303 3447; x_wconf 92' lang='lat' dir='ltr'>mee</span> <span class='ocrx_word' id='word_1_288' title='bbox 1318 3395 1350 3446; x_wconf 91' lang='lat' dir='ltr'>et</span> <span class='ocrx_word' id='word_1_289' title='bbox 1360 3386 1444 3447; x_wconf 91' lang='lat' dir='ltr'>illam</span> 
     </span>
     <span class='ocr_line' id='line_1_35' title="bbox 323 3474 1445 3556; baseline 0.004 -25"><span class='ocrx_word' id='word_1_290' title='bbox 323 3474 389 3533; x_wconf 91' lang='lat' dir='ltr'>Deo</span> <span class='ocrx_word' id='word_1_291' title='bbox 412 3474 532 3534; x_wconf 89' lang='lat' dir='ltr'>devotis</span> <span class='ocrx_word' id='word_1_292' title='bbox 550 3477 613 3535; x_wconf 92' lang='lat' dir='ltr'>suis</span> <span class='ocrx_word' id='word_1_293' title='bbox 636 3475 905 3556; x_wconf 86' lang='lat' dir='ltr'>deprecationibus</span> <span class='ocrx_word' id='word_1_294' title='bbox 925 3476 1170 3536; x_wconf 87' lang='lat' dir='ltr'>commendatam</span> <span class='ocrx_word' id='word_1_295' title='bbox 1192 3475 1324 3536; x_wconf 88' lang='lat' dir='ltr'>habeant</span> <span class='ocrx_word' id='word_1_296' title='bbox 1344 3484 1445 3536; x_wconf 90' lang='lat' dir='ltr'>atten-</span> 
     </span>
     <span class='ocr_line' id='line_1_36' title="bbox 324 3562 1445 3644; baseline 0.004 -24"><span class='ocrx_word' id='word_1_297' title='bbox 324 3562 396 3621; x_wconf 89' lang='lat' dir='ltr'>tius.</span> <span class='ocrx_word' id='word_1_298' title='bbox 408 3598 446 3607; x_wconf 97' lang='lat'><em>-</em></span> <span class='ocrx_word' id='word_1_299' title='bbox 461 3563 603 3644; x_wconf 91' lang='lat' dir='ltr'>Cumque</span> <span class='ocrx_word' id='word_1_300' title='bbox 619 3565 756 3624; x_wconf 87' lang='lat' dir='ltr'>evenerit</span> <span class='ocrx_word' id='word_1_301' title='bbox 767 3565 969 3625; x_wconf 89' lang='lat' dir='ltr'>octavusdies</span> <span class='ocrx_word' id='word_1_302' title='bbox 982 3586 999 3624; x_wconf 90' lang='lat' dir='ltr'>a</span> <span class='ocrx_word' id='word_1_303' title='bbox 1014 3564 1175 3624; x_wconf 91' lang='lat' dir='ltr'>dieobitus</span> <span class='ocrx_word' id='word_1_304' title='bbox 1185 3565 1245 3624; x_wconf 91' lang='lat' dir='ltr'>mei</span> <span class='ocrx_word' id='word_1_305' title='bbox 1263 3573 1336 3625; x_wconf 92' lang='lat' dir='ltr'>tunc</span> <span class='ocrx_word' id='word_1_306' title='bbox 1352 3566 1445 3625; x_wconf 91' lang='lat' dir='ltr'>etiam</span> 
     </span>
     <span class='ocr_line' id='line_1_37' title="bbox 325 3651 1446 3734; baseline 0.004 -25"><span class='ocrx_word' id='word_1_307' title='bbox 325 3651 477 3711; x_wconf 89' lang='lat' dir='ltr'>solemnes</span> <span class='ocrx_word' id='word_1_308' title='bbox 503 3654 646 3734; x_wconf 86' lang='lat' dir='ltr'>exequias</span> <span class='ocrx_word' id='word_1_309' title='bbox 669 3674 725 3733; x_wconf 87' lang='lat' dir='ltr'>pro</span> <span class='ocrx_word' id='word_1_310' title='bbox 750 3675 799 3713; x_wconf 92' lang='lat' dir='ltr'>me</span> <span class='ocrx_word' id='word_1_311' title='bbox 823 3653 971 3713; x_wconf 88' lang='lat' dir='ltr'>celebrari</span> <span class='ocrx_word' id='word_1_312' title='bbox 995 3653 1118 3734; x_wconf 90' lang='lat' dir='ltr'>postulo</span> <span class='ocrx_word' id='word_1_313' title='bbox 1139 3655 1170 3712; x_wconf 93' lang='lat' dir='ltr'>in</span> <span class='ocrx_word' id='word_1_314' title='bbox 1191 3655 1287 3713; x_wconf 89' lang='lat' dir='ltr'>choro</span> <span class='ocrx_word' id='word_1_315' title='bbox 1316 3654 1446 3714; x_wconf 88' lang='lat' dir='ltr'>ecclesie</span> 
     </span>
     <span class='ocr_line' id='line_1_38' title="bbox 322 3741 1446 3823; baseline 0.004 -25"><span class='ocrx_word' id='word_1_316' title='bbox 322 3741 577 3815; x_wconf 83' lang='lat' dir='ltr'>Sancti-Andree,</span> <span class='ocrx_word' id='word_1_317' title='bbox 595 3762 650 3822; x_wconf 91' lang='lat' dir='ltr'>per</span> <span class='ocrx_word' id='word_1_318' title='bbox 667 3742 797 3821; x_wconf 82' lang='lat' dir='ltr'>Vigilias</span> <span class='ocrx_word' id='word_1_319' title='bbox 813 3742 931 3802; x_wconf 91' lang='lat' dir='ltr'>scilicet</span> <span class='ocrx_word' id='word_1_320' title='bbox 948 3749 1141 3802; x_wconf 91' lang='lat' dir='ltr'>mortuorum</span> <span class='ocrx_word' id='word_1_321' title='bbox 1153 3750 1224 3822; x_wconf 88' lang='lat' dir='ltr'>post</span> <span class='ocrx_word' id='word_1_322' title='bbox 1234 3742 1399 3823; x_wconf 90' lang='lat' dir='ltr'>prandium</span> <span class='ocrx_word' id='word_1_323' title='bbox 1415 3750 1446 3803; x_wconf 91' lang='lat' dir='ltr'>et</span> 
     </span>
     <span class='ocr_line' id='line_1_39' title="bbox 323 3829 1445 3912; baseline 0.004 -25"><span class='ocrx_word' id='word_1_324' title='bbox 323 3829 616 3890; x_wconf 89' lang='lat' dir='ltr'>Commendationes</span> <span class='ocrx_word' id='word_1_325' title='bbox 626 3832 797 3891; x_wconf 91' lang='lat' dir='ltr'>animarum</span> <span class='ocrx_word' id='word_1_326' title='bbox 809 3839 901 3912; x_wconf 92' lang='lat' dir='ltr'>atque</span> <span class='ocrx_word' id='word_1_327' title='bbox 915 3833 1039 3890; x_wconf 88' lang='lat' dir='ltr'>missam</span> <span class='ocrx_word' id='word_1_328' title='bbox 1055 3831 1222 3891; x_wconf 90' lang='lat' dir='ltr'>solemnem</span> <span class='ocrx_word' id='word_1_329' title='bbox 1239 3832 1277 3890; x_wconf 94' lang='lat' dir='ltr'>de</span> <span class='ocrx_word' id='word_1_330' title='bbox 1289 3832 1445 3894; x_wconf 77' lang='lat' dir='ltr'>defunctis</span> 
     </span>
     <span class='ocr_line' id='line_1_40' title="bbox 322 3917 1445 4001; baseline 0.004 -25"><span class='ocrx_word' id='word_1_331' title='bbox 322 3917 370 3977; x_wconf 91' lang='lat' dir='ltr'>die</span> <span class='ocrx_word' id='word_1_332' title='bbox 389 3920 540 3998; x_wconf 82' lang='lat' dir='ltr'>sequenti,</span> <span class='ocrx_word' id='word_1_333' title='bbox 557 3941 617 3978; x_wconf 91' lang='lat' dir='ltr'>non</span> <span class='ocrx_word' id='word_1_334' title='bbox 631 3922 829 4000; x_wconf 87' lang='lat' dir='ltr'>pretermissa</span> <span class='ocrx_word' id='word_1_335' title='bbox 846 3920 1018 4001; x_wconf 88' lang='lat' dir='ltr'>pulsatione</span> <span class='ocrx_word' id='word_1_336' title='bbox 1034 3919 1162 3980; x_wconf 92' lang='lat' dir='ltr'>solemni</span> <span class='ocrx_word' id='word_1_337' title='bbox 1173 3941 1228 4001; x_wconf 92' lang='lat' dir='ltr'>pro</span> <span class='ocrx_word' id='word_1_338' title='bbox 1245 3941 1331 3980; x_wconf 91' lang='lat' dir='ltr'>more</span> <span class='ocrx_word' id='word_1_339' title='bbox 1347 3931 1378 3981; x_wconf 89' lang='lat' dir='ltr'>et</span> <span class='ocrx_word' id='word_1_340' title='bbox 1388 3922 1445 3981; x_wconf 91' lang='lat' dir='ltr'>ho-</span> 
     </span>
     <span class='ocr_line' id='line_1_41' title="bbox 322 4007 1445 4089; baseline 0.004 -24"><span class='ocrx_word' id='word_1_341' title='bbox 322 4014 409 4066; x_wconf 90' lang='lat' dir='ltr'>nesto</span> <span class='ocrx_word' id='word_1_342' title='bbox 420 4007 578 4071; x_wconf 89' lang='lat' dir='ltr'>luminari:</span> <span class='ocrx_word' id='word_1_343' title='bbox 596 4030 651 4089; x_wconf 90' lang='lat' dir='ltr'>pro</span> <span class='ocrx_word' id='word_1_344' title='bbox 661 4010 773 4089; x_wconf 91' lang='lat' dir='ltr'>quibus</span> <span class='ocrx_word' id='word_1_345' title='bbox 784 4010 922 4089; x_wconf 88' lang='lat' dir='ltr'>exequiis</span> <span class='ocrx_word' id='word_1_346' title='bbox 933 4031 1003 4069; x_wconf 89' lang='lat' dir='ltr'>eum</span> <span class='ocrx_word' id='word_1_347' title='bbox 1015 4010 1278 4089; x_wconf 88' lang='lat' dir='ltr'>representatione</span> <span class='ocrx_word' id='word_1_348' title='bbox 1293 4017 1323 4069; x_wconf 88' lang='lat' dir='ltr'>et</span> <span class='ocrx_word' id='word_1_349' title='bbox 1333 4010 1445 4071; x_wconf 89' lang='lat' dir='ltr'>hones-</span> 
     </span>
     <span class='ocr_line' id='line_1_42' title="bbox 323 4097 1445 4180; baseline 0.004 -25"><span class='ocrx_word' id='word_1_350' title='bbox 323 4103 385 4155; x_wconf 88' lang='lat' dir='ltr'>tate</span> <span class='ocrx_word' id='word_1_351' title='bbox 398 4097 589 4156; x_wconf 89' lang='lat' dir='ltr'>celebrandis</span> <span class='ocrx_word' id='word_1_352' title='bbox 598 4098 725 4178; x_wconf 80' lang='lat' dir='ltr'>designo</span> <span class='ocrx_word' id='word_1_353' title='bbox 734 4099 899 4157; x_wconf 88' lang='lat' dir='ltr'>tradendas</span> <span class='ocrx_word' id='word_1_354' title='bbox 908 4097 1295 4179; x_wconf 82' lang='lat' dir='ltr'>capituloSancti-Andree</span> <span class='ocrx_word' id='word_1_355' title='bbox 1308 4107 1361 4159; x_wconf 88' lang='lat' dir='ltr'>aut</span> <span class='ocrx_word' id='word_1_356' title='bbox 1377 4100 1445 4180; x_wconf 89' lang='lat' dir='ltr'>ejus</span> 
     </span>
     <span class='ocr_line' id='line_1_43' title="bbox 322 4186 1445 4265; baseline 0.005 -23"><span class='ocrx_word' id='word_1_357' title='bbox 322 4187 516 4265; x_wconf 90' lang='lat' dir='ltr'>procuratori</span> <span class='ocrx_word' id='word_1_358' title='bbox 540 4187 644 4246; x_wconf 92' lang='lat' dir='ltr'>decem</span> <span class='ocrx_word' id='word_1_359' title='bbox 667 4186 759 4246; x_wconf 90' lang='lat' dir='ltr'>libras</span> <span class='ocrx_word' id='word_1_360' title='bbox 779 4195 961 4247; x_wconf 88' lang='lat' dir='ltr'>turonenses</span> <span class='ocrx_word' id='word_1_361' title='bbox 981 4188 1018 4246; x_wconf 88' lang='lat' dir='ltr'>ad</span> <span class='ocrx_word' id='word_1_362' title='bbox 1035 4188 1188 4247; x_wconf 88' lang='lat' dir='ltr'>faciendas</span> <span class='ocrx_word' id='word_1_363' title='bbox 1210 4187 1445 4248; x_wconf 89' lang='lat' dir='ltr'>distributiones</span> 
     </span>
     <span class='ocr_line' id='line_1_44' title="bbox 322 4275 1446 4357; baseline 0.004 -25"><span class='ocrx_word' id='word_1_364' title='bbox 322 4275 487 4348; x_wconf 69' lang='lat' dir='ltr'>canonicis</span> <span class='ocrx_word' id='word_1_365' title='bbox 508 4275 631 4334; x_wconf 89' lang='lat' dir='ltr'>vicariis</span> <span class='ocrx_word' id='word_1_366' title='bbox 647 4283 678 4334; x_wconf 92' lang='lat' dir='ltr'>et</span> <span class='ocrx_word' id='word_1_367' title='bbox 695 4277 810 4336; x_wconf 91' lang='lat' dir='ltr'>curatis</span> <span class='ocrx_word' id='word_1_368' title='bbox 821 4276 873 4357; x_wconf 92' lang='lat' dir='ltr'>qui</span> <span class='ocrx_word' id='word_1_369' title='bbox 888 4277 1032 4336; x_wconf 88' lang='lat' dir='ltr'>assistent</span> <span class='ocrx_word' id='word_1_370' title='bbox 1045 4276 1103 4335; x_wconf 90' lang='lat' dir='ltr'>hiis</span> <span class='ocrx_word' id='word_1_371' title='bbox 1119 4277 1239 4350; x_wconf 86' lang='lat' dir='ltr'>officiis,</span> <span class='ocrx_word' id='word_1_372' title='bbox 1257 4277 1400 4337; x_wconf 91' lang='lat' dir='ltr'>similiter</span> <span class='ocrx_word' id='word_1_373' title='bbox 1415 4285 1446 4337; x_wconf 93' lang='lat' dir='ltr'>et</span> 
     </span>
     <span class='ocr_line' id='line_1_45' title="bbox 321 4362 1446 4447; baseline 0.003 -26"><span class='ocrx_word' id='word_1_374' title='bbox 321 4362 488 4443; x_wconf 87' lang='lat' dir='ltr'>capellanis</span> <span class='ocrx_word' id='word_1_375' title='bbox 504 4371 534 4423; x_wconf 91' lang='lat' dir='ltr'>et</span> <span class='ocrx_word' id='word_1_376' title='bbox 549 4365 661 4424; x_wconf 90' lang='lat' dir='ltr'>ceteris</span> <span class='ocrx_word' id='word_1_377' title='bbox 677 4386 734 4445; x_wconf 92' lang='lat' dir='ltr'>pro</span> <span class='ocrx_word' id='word_1_378' title='bbox 749 4387 835 4424; x_wconf 90' lang='lat' dir='ltr'>more</span> <span class='ocrx_word' id='word_1_379' title='bbox 848 4364 949 4431; x_wconf 79' lang='lat' dir='ltr'>solito,</span> <span class='ocrx_word' id='word_1_380' title='bbox 965 4366 1003 4424; x_wconf 91' lang='lat' dir='ltr'>ad</span> <span class='ocrx_word' id='word_1_381' title='bbox 1019 4365 1254 4445; x_wconf 89' lang='lat' dir='ltr'>persolvendam</span> <span class='ocrx_word' id='word_1_382' title='bbox 1269 4365 1361 4425; x_wconf 91' lang='lat' dir='ltr'>etiam</span> <span class='ocrx_word' id='word_1_383' title='bbox 1377 4367 1446 4447; x_wconf 94' lang='lat' dir='ltr'>pul-</span> 
     </span>
     <span class='ocr_line' id='line_1_46' title="bbox 321 4453 1445 4535; baseline 0.004 -25"><span class='ocrx_word' id='word_1_384' title='bbox 321 4453 471 4512; x_wconf 86' lang='lat' dir='ltr'>sationem</span> <span class='ocrx_word' id='word_1_385' title='bbox 491 4461 522 4512; x_wconf 91' lang='lat' dir='ltr'>et</span> <span class='ocrx_word' id='word_1_386' title='bbox 537 4453 700 4513; x_wconf 89' lang='lat' dir='ltr'>luminare.</span> <span class='ocrx_word' id='word_1_387' title='bbox 718 4454 922 4514; x_wconf 90' lang='lat' dir='ltr'>Celebrentur</span> <span class='ocrx_word' id='word_1_388' title='bbox 942 4455 1033 4514; x_wconf 90' lang='lat' dir='ltr'>etiam</span> <span class='ocrx_word' id='word_1_389' title='bbox 1054 4455 1162 4514; x_wconf 91' lang='lat' dir='ltr'>eodem</span> <span class='ocrx_word' id='word_1_390' title='bbox 1177 4454 1226 4513; x_wconf 87' lang='lat' dir='ltr'>die</span> <span class='ocrx_word' id='word_1_391' title='bbox 1242 4455 1445 4535; x_wconf 89' lang='lat' dir='ltr'>exequiarum</span> 
     </span>
     <span class='ocr_line' id='line_1_47' title="bbox 321 4542 1445 4624; baseline 0.004 -23"><span class='ocrx_word' id='word_1_392' title='bbox 321 4549 430 4602; x_wconf 87' lang='lat' dir='ltr'>octave</span> <span class='ocrx_word' id='word_1_393' title='bbox 454 4542 525 4616; x_wconf 82' lang='lat' dir='ltr'>diei,</span> <span class='ocrx_word' id='word_1_394' title='bbox 550 4543 581 4601; x_wconf 90' lang='lat' dir='ltr'>in</span> <span class='ocrx_word' id='word_1_395' title='bbox 604 4543 742 4623; x_wconf 90' lang='lat' dir='ltr'>predicta</span> <span class='ocrx_word' id='word_1_396' title='bbox 768 4543 896 4602; x_wconf 89' lang='lat' dir='ltr'>ecclesia</span> <span class='ocrx_word' id='word_1_397' title='bbox 918 4543 1175 4618; x_wconf 82' lang='lat' dir='ltr'>Sancti-Andree,</span> <span class='ocrx_word' id='word_1_398' title='bbox 1202 4543 1331 4624; x_wconf 83' lang='lat' dir='ltr'>triginta</span> <span class='ocrx_word' id='word_1_399' title='bbox 1351 4545 1445 4606; x_wconf 85' lang='lat' dir='ltr'>misse</span> 
     </span>
    </p>
   </div>
   <div class='ocr_carea' id='block_1_3' title="bbox 0 0 1546 5422">
    <p class='ocr_par' dir='ltr' id='par_1_4' title="bbox 0 0 1546 5422">
     <span class='ocr_line' id='line_1_48' title="bbox 0 0 1546 5422; baseline 0 0"><span class='ocrx_word' id='word_1_400' title='bbox 0 0 1546 5422; x_wconf 95' lang='lat' dir='ltr'> </span> 
     </span>
    </p>
   </div>
  </div>
 </body>
</html>
