<?xml version="1.0" encoding="UTF-8"?>
<!DOCTYPE html PUBLIC "-//W3C//DTD XHTML 1.0 Transitional//EN"
    "http://www.w3.org/TR/xhtml1/DTD/xhtml1-transitional.dtd">
<html xmlns="http://www.w3.org/1999/xhtml" xml:lang="en" lang="en">
 <head>
  <title>
</title>
<meta http-equiv="Content-Type" content="text/html;charset=utf-8" />
  <meta name='ocr-system' content='tesseract 3.04.00' />
  <meta name='ocr-capabilities' content='ocr_page ocr_carea ocr_par ocr_line ocrx_word'/>
</head>
<body>
  <div class='ocr_page' id='page_1' title='image "./dejudociclichto00clergoog_0030.png"; bbox 0 0 3074 5422; ppageno 0'>
   <div class='ocr_carea' id='block_1_1' title="bbox 576 441 756 484">
    <p class='ocr_par' dir='ltr' id='par_1_1' title="bbox 576 441 756 484">
     <span class='ocr_line' id='line_1_1' title="bbox 576 441 756 484; baseline -0.022 1"><span class='ocrx_word' id='word_1_1' title='bbox 576 441 756 484; x_wconf 81' lang='lat' dir='ltr'>-xxv-</span> 
     </span>
    </p>
   </div>
   <div class='ocr_carea' id='block_1_2' title="bbox 103 555 1138 738">
    <p class='ocr_par' dir='ltr' id='par_1_2' title="bbox 103 555 1138 738">
     <span class='ocr_line' id='line_1_2' title="bbox 105 555 1138 639; baseline -0.001 -19"><span class='ocrx_word' id='word_1_2' title='bbox 105 559 285 621; x_wconf 86' lang='lat' dir='ltr'><em>Cliehtovci</em></span> <span class='ocrx_word' id='word_1_3' title='bbox 304 558 415 618; x_wconf 87' lang='lat' dir='ltr'><em>Carolo</em></span> <span class='ocrx_word' id='word_1_4' title='bbox 437 557 620 631; x_wconf 83' lang='lat' dir='ltr'><em>Guilliardo,</em></span> <span class='ocrx_word' id='word_1_5' title='bbox 646 558 777 616; x_wconf 89' lang='lat' dir='ltr'><em>Senatus</em></span> <span class='ocrx_word' id='word_1_6' title='bbox 790 556 933 636; x_wconf 73' lang='lat' dir='ltr'>praesidi,</span> <span class='ocrx_word' id='word_1_7' title='bbox 957 565 988 618; x_wconf 92' lang='lat' dir='ltr'><em>et</em></span> <span class='ocrx_word' id='word_1_8' title='bbox 1007 555 1138 639; x_wconf 90' lang='lat' dir='ltr'><em>epistola</em></span> 
     </span>
     <span class='ocr_line' id='line_1_3' title="bbox 103 654 1010 738; baseline -0.001 -23"><span class='ocrx_word' id='word_1_9' title='bbox 103 657 247 738; x_wconf 83' lang='lat' dir='ltr'><em>Volgatii</em></span> <span class='ocrx_word' id='word_1_10' title='bbox 262 656 419 718; x_wconf 87' lang='lat' dir='ltr'><em>Pratensis</em></span> <span class='ocrx_word' id='word_1_11' title='bbox 433 656 545 716; x_wconf 87' lang='lat' dir='ltr'><em>loanni</em></span> <span class='ocrx_word' id='word_1_12' title='bbox 560 654 666 715; x_wconf 90' lang='lat' dir='ltr'><em>Solido</em></span> <span class='ocrx_word' id='word_1_13' title='bbox 679 654 878 715; x_wconf 82' lang='lat' dir='ltr'><em>Cracoviensi</em></span> <span class='ocrx_word' id='word_1_14' title='bbox 897 654 1010 737; x_wconf 83' lang='lat'>(1508).</span> 
     </span>
    </p>
   </div>
   <div class='ocr_carea' id='block_1_3' title="bbox 106 772 1227 922">
    <p class='ocr_par' dir='ltr' id='par_1_3' title="bbox 106 772 1227 922">
     <span class='ocr_line' id='line_1_4' title="bbox 106 772 1227 843; baseline 0.001 -17"><span class='ocrx_word' id='word_1_15' title='bbox 106 774 137 826; x_wconf 79' lang='lat' dir='ltr'><em>V.</em></span> <span class='ocrx_word' id='word_1_16' title='bbox 154 775 188 827; x_wconf 91' lang='lat' dir='ltr'><em>H.</em></span> <span class='ocrx_word' id='word_1_17' title='bbox 210 776 271 828; x_wconf 85' lang='lat'>354.</span> <span class='ocrx_word' id='word_1_18' title='bbox 293 774 385 833; x_wconf 77' lang='lat' dir='ltr'><em>Paris..</em></span> <span class='ocrx_word' id='word_1_19' title='bbox 399 773 433 825; x_wconf 78' lang='grc' dir='ltr'><em>Η.</em></span> <span class='ocrx_word' id='word_1_20' title='bbox 449 772 594 843; x_wconf 78' lang='lat' dir='ltr'><strong>Stephanus</strong></span> <span class='ocrx_word' id='word_1_21' title='bbox 605 772 685 841; x_wconf 88' lang='lat' dir='ltr'><em>(Bibl.</em></span> <span class='ocrx_word' id='word_1_22' title='bbox 700 778 753 825; x_wconf 86' lang='lat' dir='ltr'><em>nat.</em></span> <span class='ocrx_word' id='word_1_23' title='bbox 767 772 867 837; x_wconf 70' lang='grc'>111976,</span> <span class='ocrx_word' id='word_1_24' title='bbox 882 773 955 842; x_wconf 87' lang='grc'>633),</span> <span class='ocrx_word' id='word_1_25' title='bbox 1031 775 1065 825; x_wconf 90' lang='grc'><em>22</em></span> <span class='ocrx_word' id='word_1_26' title='bbox 1081 792 1139 824; x_wconf 88' lang='lat' dir='ltr'><em>nov.</em></span> <span class='ocrx_word' id='word_1_27' title='bbox 1158 775 1227 827; x_wconf 86' lang='grc'>1516</span> 
     </span>
     <span class='ocr_line' id='line_1_5' title="bbox 138 851 1137 922; baseline -0.002 -14"><span class='ocrx_word' id='word_1_28' title='bbox 138 887 173 895; x_wconf 97' lang='grc'>-</span> <span class='ocrx_word' id='word_1_29' title='bbox 210 857 272 909; x_wconf 87' lang='grc'>356.</span> <span class='ocrx_word' id='word_1_30' title='bbox 329 886 364 893; x_wconf 95' lang='grc'>-</span> <span class='ocrx_word' id='word_1_31' title='bbox 403 853 467 905; x_wconf 87' lang='lat' dir='ltr'>Sim.</span> <span class='ocrx_word' id='word_1_32' title='bbox 485 851 907 922; x_wconf 69' lang='grc' dir='ltr'>6011111111(Βί11.1111111981).</span> <span class='ocrx_word' id='word_1_33' title='bbox 1069 856 1137 907; x_wconf 87' lang='lat'>1535</span> 
     </span>
    </p>
   </div>
   <div class='ocr_carea' id='block_1_4' title="bbox 106 1010 1140 1290">
    <p class='ocr_par' dir='ltr' id='par_1_4' title="bbox 106 1010 1140 1290">
     <span class='ocr_line' id='line_1_6' title="bbox 143 1010 1136 1095; baseline 0.004 -26"><span class='ocrx_word' id='word_1_34' title='bbox 143 1016 204 1095; x_wconf 60' lang='lat' dir='ltr'><strong><em>w</em></strong></span> <span class='ocrx_word' id='word_1_35' title='bbox 227 1039 241 1071; x_wconf 92' lang='lat'>«</span> <span class='ocrx_word' id='word_1_36' title='bbox 255 1013 427 1095; x_wconf 77' lang='lat' dir='ltr'><em>Responsio</em></span> <span class='ocrx_word' id='word_1_37' title='bbox 437 1011 479 1073; x_wconf 87' lang='lat' dir='ltr'><em>ad</em></span> <span class='ocrx_word' id='word_1_38' title='bbox 487 1010 705 1094; x_wconf 74' lang='lat' dir='ltr'><em>supradictam</em></span> <span class='ocrx_word' id='word_1_39' title='bbox 714 1011 941 1095; x_wconf 86' lang='lat' dir='ltr'><em>quaestionem.</em></span> <span class='ocrx_word' id='word_1_40' title='bbox 955 1037 969 1068; x_wconf 88' lang='lat'>»</span> <span class='ocrx_word' id='word_1_41' title='bbox 982 1047 1019 1058; x_wconf 90' lang='lat'>-</span> <span class='ocrx_word' id='word_1_42' title='bbox 1034 1012 1136 1086; x_wconf 86' lang='lat' dir='ltr'><em>idest,</em></span> 
     </span>
     <span class='ocr_line' id='line_1_7' title="bbox 107 1109 1139 1190; baseline -0.001 -19"><span class='ocrx_word' id='word_1_43' title='bbox 107 1112 143 1172; x_wconf 92' lang='lat' dir='ltr'><em>de</em></span> <span class='ocrx_word' id='word_1_44' title='bbox 159 1112 319 1173; x_wconf 88' lang='lat' dir='ltr'><em>Clausula:</em></span> <span class='ocrx_word' id='word_1_45' title='bbox 339 1112 364 1171; x_wconf 93' lang='grc' dir='ltr'><strong>Ο</strong></span> <span class='ocrx_word' id='word_1_46' title='bbox 380 1111 602 1173; x_wconf 84' lang='lat' dir='ltr'><em>necessarium.</em></span> <span class='ocrx_word' id='word_1_47' title='bbox 616 1159 643 1172; x_wconf 90' lang='lat'><em>..</em></span> <span class='ocrx_word' id='word_1_48' title='bbox 664 1109 753 1179; x_wconf 90' lang='lat' dir='ltr'><em>Quod</em></span> <span class='ocrx_word' id='word_1_49' title='bbox 770 1110 821 1169; x_wconf 90' lang='lat' dir='ltr'><em>hic</em></span> <span class='ocrx_word' id='word_1_50' title='bbox 839 1110 1005 1190; x_wconf 73' lang='lat' dir='ltr'><strong>respondet</strong></span> <span class='ocrx_word' id='word_1_51' title='bbox 1018 1110 1139 1171; x_wconf 89' lang='lat' dir='ltr'><em>inveni-</em></span> 
     </span>
     <span class='ocr_line' id='line_1_8' title="bbox 106 1207 1140 1290; baseline -0.001 -21"><span class='ocrx_word' id='word_1_52' title='bbox 106 1217 155 1270; x_wconf 88' lang='lat' dir='ltr'><em>tur</em></span> <span class='ocrx_word' id='word_1_53' title='bbox 168 1232 185 1269; x_wconf 91' lang='lat' dir='ltr'><em>a</em></span> <span class='ocrx_word' id='word_1_54' title='bbox 200 1231 269 1290; x_wconf 88' lang='lat' dir='ltr'><em>cap.</em></span> <span class='ocrx_word' id='word_1_55' title='bbox 282 1211 340 1270; x_wconf 90' lang='lat' dir='ltr'><em>XV</em></span> <span class='ocrx_word' id='word_1_56' title='bbox 353 1209 498 1270; x_wconf 77' lang='lat' dir='ltr'>editionis</span> <span class='ocrx_word' id='word_1_57' title='bbox 508 1208 591 1289; x_wconf 91' lang='lat' dir='ltr'><em>apud</em></span> <span class='ocrx_word' id='word_1_58' title='bbox 603 1209 643 1267; x_wconf 91' lang='lat' dir='ltr'><em>H.</em></span> <span class='ocrx_word' id='word_1_59' title='bbox 657 1208 847 1289; x_wconf 74' lang='lat' dir='ltr'>Stephanum</span> <span class='ocrx_word' id='word_1_60' title='bbox 860 1210 896 1268; x_wconf 88' lang='grc'><em>16</em></span> <span class='ocrx_word' id='word_1_61' title='bbox 905 1207 1050 1267; x_wconf 79' lang='lat' dir='ltr'><em>februarii</em></span> <span class='ocrx_word' id='word_1_62' title='bbox 1064 1210 1140 1269; x_wconf 88' lang='grc'>1520</span> 
     </span>
    </p>
   </div>
   <div class='ocr_carea' id='block_1_5' title="bbox 106 1309 1229 1457">
    <p class='ocr_par' dir='ltr' id='par_1_5' title="bbox 106 1309 1229 1457">
     <span class='ocr_line' id='line_1_9' title="bbox 106 1309 1229 1457; baseline 0.06 -83"><span class='ocrx_word' id='word_1_63' title='bbox 106 1309 204 1369; x_wconf 80' lang='lat' dir='ltr'><em>factae</em></span> <span class='ocrx_word' id='word_1_64' title='bbox 222 1309 355 1390; x_wconf 66' lang='grc'>(1267)·</span> <span class='ocrx_word' id='word_1_65' title='bbox 885 1385 979 1457; x_wconf 63' lang='lat' dir='ltr'><em>script.</em></span> <span class='ocrx_word' id='word_1_66' title='bbox 997 1387 1141 1441; x_wconf 74' lang='lat' dir='ltr'><em>sseoems.</em></span> <span class='ocrx_word' id='word_1_67' title='bbox 1160 1390 1229 1442; x_wconf 78' lang='lat' dir='ltr'><em>isis</em></span> 
     </span>
    </p>
   </div>
   <div class='ocr_carea' id='block_1_6' title="bbox 108 1544 1141 1902">
    <p class='ocr_par' dir='ltr' id='par_1_6' title="bbox 108 1544 1141 1902">
     <span class='ocr_line' id='line_1_10' title="bbox 144 1544 1141 1629; baseline 0 -21"><span class='ocrx_word' id='word_1_68' title='bbox 144 1547 243 1609; x_wconf 74' lang='lat' dir='ltr'><em>Lilier</em></span> <span class='ocrx_word' id='word_1_69' title='bbox 258 1547 296 1609; x_wconf 92' lang='lat' dir='ltr'><em>de</em></span> <span class='ocrx_word' id='word_1_70' title='bbox 312 1546 461 1608; x_wconf 73' lang='lat' dir='ltr'><em>laudibus</em></span> <span class='ocrx_word' id='word_1_71' title='bbox 477 1547 513 1609; x_wconf 63' lang='lat' dir='ltr'><em>Si</em></span> <span class='ocrx_word' id='word_1_72' title='bbox 527 1545 773 1618; x_wconf 69' lang='grc'><em>1111101116111888</em></span> <span class='ocrx_word' id='word_1_73' title='bbox 792 1544 950 1607; x_wconf 75' lang='lat' dir='ltr'><em>Caeciliae</em></span> <span class='ocrx_word' id='word_1_74' title='bbox 960 1545 1096 1629; x_wconf 76' lang='lat' dir='ltr'><em>oirpinis</em></span> <span class='ocrx_word' id='word_1_75' title='bbox 1111 1553 1141 1608; x_wconf 88' lang='lat' dir='ltr'><em>et</em></span> 
     </span>
     <span class='ocr_line' id='line_1_11' title="bbox 108 1644 1138 1729; baseline -0.003 -22"><span class='ocrx_word' id='word_1_76' title='bbox 108 1646 270 1729; x_wconf 76' lang='lat' dir='ltr'><em>martyris.</em></span> <span class='ocrx_word' id='word_1_77' title='bbox 293 1683 332 1691; x_wconf 94' lang='lat'><em>-</em></span> <span class='ocrx_word' id='word_1_78' title='bbox 355 1647 465 1706; x_wconf 88' lang='lat' dir='ltr'><em>Initio:</em></span> <span class='ocrx_word' id='word_1_79' title='bbox 493 1645 631 1726; x_wconf 76' lang='lat' dir='ltr'><em>Epistola</em></span> <span class='ocrx_word' id='word_1_80' title='bbox 653 1645 842 1705; x_wconf 82' lang='lat' dir='ltr'><em>dedicatoria</em></span> <span class='ocrx_word' id='word_1_81' title='bbox 863 1644 1037 1705; x_wconf 86' lang='lat' dir='ltr'><em>Cliehtovei</em></span> <span class='ocrx_word' id='word_1_82' title='bbox 1060 1645 1138 1705; x_wconf 92' lang='lat' dir='ltr'><em>Lud.</em></span> 
     </span>
     <span class='ocr_line' id='line_1_12' title="bbox 108 1742 1136 1825; baseline -0.002 -20"><span class='ocrx_word' id='word_1_83' title='bbox 108 1744 290 1817; x_wconf 79' lang='lat' dir='ltr'><em>Guilliard0‚</em></span> <span class='ocrx_word' id='word_1_84' title='bbox 303 1744 449 1825; x_wconf 87' lang='lat' dir='ltr'><em>episeopo</em></span> <span class='ocrx_word' id='word_1_85' title='bbox 458 1743 657 1815; x_wconf 84' lang='lat' dir='ltr'><em>Tornacensi,</em></span> <span class='ocrx_word' id='word_1_86' title='bbox 668 1765 705 1803; x_wconf 87' lang='lat' dir='ltr'><em>ex</em></span> <span class='ocrx_word' id='word_1_87' title='bbox 716 1742 852 1815; x_wconf 80' lang='lat' dir='ltr'><em>Parisiis,</em></span> <span class='ocrx_word' id='word_1_88' title='bbox 866 1745 1001 1803; x_wconf 69' lang='grc'>15111-</span> <span class='ocrx_word' id='word_1_89' title='bbox 1015 1743 1049 1802; x_wconf 92' lang='lat' dir='ltr'><em>In</em></span> <span class='ocrx_word' id='word_1_90' title='bbox 1060 1743 1136 1803; x_wconf 84' lang='lat' dir='ltr'><em>fine:</em></span> 
     </span>
     <span class='ocr_line' id='line_1_13' title="bbox 110 1840 849 1902; baseline 0.003 -2"><span class='ocrx_word' id='word_1_91' title='bbox 110 1842 264 1902; x_wconf 84' lang='lat' dir='ltr'><em>Versiculi</em></span> <span class='ocrx_word' id='word_1_92' title='bbox 283 1840 444 1902; x_wconf 89' lang='lat' dir='ltr'><em>Michaelis</em></span> <span class='ocrx_word' id='word_1_93' title='bbox 459 1841 592 1900; x_wconf 89' lang='lat' dir='ltr'><em>Pontani</em></span> <span class='ocrx_word' id='word_1_94' title='bbox 608 1841 849 1902; x_wconf 86' lang='lat' dir='ltr'><em>Sameraeeusis.</em></span> 
     </span>
    </p>
   </div>
   <div class='ocr_carea' id='block_1_7' title="bbox 106 1955 1229 2028">
    <p class='ocr_par' dir='ltr' id='par_1_7' title="bbox 106 1955 1229 2028">
     <span class='ocr_line' id='line_1_14' title="bbox 106 1955 1229 2028; baseline 0.002 -19"><span class='ocrx_word' id='word_1_95' title='bbox 106 1958 138 2014; x_wconf 89' lang='lat' dir='ltr'><em>V.</em></span> <span class='ocrx_word' id='word_1_96' title='bbox 157 1958 189 2010; x_wconf 86' lang='lat' dir='ltr'><em>H.</em></span> <span class='ocrx_word' id='word_1_97' title='bbox 213 1961 256 2012; x_wconf 80' lang='lat'><em>74.</em></span> <span class='ocrx_word' id='word_1_98' title='bbox 278 1959 370 2019; x_wconf 80' lang='lat' dir='ltr'><em>Paris,</em></span> <span class='ocrx_word' id='word_1_99' title='bbox 388 1957 422 2010; x_wconf 91' lang='lat' dir='ltr'><em>H.</em></span> <span class='ocrx_word' id='word_1_100' title='bbox 439 1957 584 2028; x_wconf 82' lang='lat' dir='ltr'><em>Stephanus</em></span> <span class='ocrx_word' id='word_1_101' title='bbox 598 1957 678 2027; x_wconf 86' lang='lat' dir='ltr'><em>(Bibl.</em></span> <span class='ocrx_word' id='word_1_102' title='bbox 694 1964 746 2010; x_wconf 86' lang='lat' dir='ltr'><em>nat.</em></span> <span class='ocrx_word' id='word_1_103' title='bbox 759 1955 795 2009; x_wconf 82' lang='lat' dir='ltr'><em>Lb</em></span> <span class='ocrx_word' id='word_1_104' title='bbox 811 1960 854 2018; x_wconf 85' lang='lat'><em>18,</em></span> <span class='ocrx_word' id='word_1_105' title='bbox 872 1957 944 2026; x_wconf 85' lang='lat' dir='ltr'><em>1t9).</em></span> <span class='ocrx_word' id='word_1_106' title='bbox 994 1961 1027 2010; x_wconf 84' lang='lat' dir='ltr'><em>to</em></span> <span class='ocrx_word' id='word_1_107' title='bbox 1032 1957 1146 2028; x_wconf 86' lang='lat' dir='ltr'><em>januarii</em></span> <span class='ocrx_word' id='word_1_108' title='bbox 1161 1959 1229 2011; x_wconf 89' lang='grc'>1517</span> 
     </span>
    </p>
   </div>
   <div class='ocr_carea' id='block_1_8' title="bbox 106 2115 1144 3178">
    <p class='ocr_par' dir='ltr' id='par_1_8' title="bbox 106 2115 1144 3178">
     <span class='ocr_line' id='line_1_15' title="bbox 148 2115 1143 2198; baseline 0.004 -25"><span class='ocrx_word' id='word_1_109' title='bbox 148 2119 209 2198; x_wconf 61' lang='lat' dir='ltr'><em>w</em></span> <span class='ocrx_word' id='word_1_110' title='bbox 232 2143 246 2174; x_wconf 90' lang='lat'>«</span> <span class='ocrx_word' id='word_1_111' title='bbox 266 2118 359 2178; x_wconf 85' lang='lat' dir='ltr'><em>Anno</em></span> <span class='ocrx_word' id='word_1_112' title='bbox 383 2116 422 2176; x_wconf 76' lang='grc' dir='ltr'><em>1)ί</em></span> <span class='ocrx_word' id='word_1_113' title='bbox 451 2118 537 2190; x_wconf 83' lang='lat'>1517,</span> <span class='ocrx_word' id='word_1_114' title='bbox 564 2119 602 2176; x_wconf 85' lang='grc'><em>26</em></span> <span class='ocrx_word' id='word_1_115' title='bbox 622 2116 709 2198; x_wconf 82' lang='lat' dir='ltr'><em>julii,</em></span> <span class='ocrx_word' id='word_1_116' title='bbox 734 2115 784 2175; x_wconf 88' lang='lat' dir='ltr'><em>vir</em></span> <span class='ocrx_word' id='word_1_117' title='bbox 806 2115 974 2198; x_wconf 74' lang='lat' dir='ltr'><em>relipiosus</em></span> <span class='ocrx_word' id='word_1_118' title='bbox 994 2124 1023 2177; x_wconf 92' lang='lat' dir='ltr'><em>et</em></span> <span class='ocrx_word' id='word_1_119' title='bbox 1041 2116 1143 2177; x_wconf 87' lang='lat' dir='ltr'><em>divini</em></span> 
     </span>
     <span class='ocr_line' id='line_1_16' title="bbox 106 2213 1138 2297; baseline 0.001 -21"><span class='ocrx_word' id='word_1_120' title='bbox 106 2215 196 2277; x_wconf 83' lang='lat' dir='ltr'><em>verbi</em></span> <span class='ocrx_word' id='word_1_121' title='bbox 205 2215 412 2297; x_wconf 85' lang='lat' dir='ltr'><em>praedicator</em></span> <span class='ocrx_word' id='word_1_122' title='bbox 420 2215 575 2296; x_wconf 72' lang='lat' dir='ltr'><em>fervidus,</em></span> <span class='ocrx_word' id='word_1_123' title='bbox 589 2215 619 2274; x_wconf 90' lang='lat' dir='ltr'><em>F</em></span> <span class='ocrx_word' id='word_1_124' title='bbox 618 2214 852 2275; x_wconf 86' lang='lat' dir='ltr'><em>raterJudocus</em></span> <span class='ocrx_word' id='word_1_125' title='bbox 863 2213 1002 2291; x_wconf 83' lang='lat' dir='ltr'><em>Caulier‚</em></span> <span class='ocrx_word' id='word_1_126' title='bbox 1013 2214 1047 2276; x_wconf 88' lang='lat' dir='ltr'><em>S.</em></span> <span class='ocrx_word' id='word_1_127' title='bbox 1061 2214 1138 2277; x_wconf 84' lang='lat' dir='ltr'><em>Ord.</em></span> 
     </span>
     <span class='ocr_line' id='line_1_17' title="bbox 107 2311 1141 2396; baseline -0.001 -23"><span class='ocrx_word' id='word_1_128' title='bbox 107 2315 144 2373; x_wconf 89' lang='lat' dir='ltr'><em>F.</em></span> <span class='ocrx_word' id='word_1_129' title='bbox 159 2315 213 2373; x_wconf 90' lang='lat' dir='ltr'><em>Pr.</em></span> <span class='ocrx_word' id='word_1_130' title='bbox 217 2361 227 2391; x_wconf 80' lang='lat'><em>,</em></span> <span class='ocrx_word' id='word_1_131' title='bbox 239 2315 380 2396; x_wconf 76' lang='lat' dir='ltr'><em>suupens</em></span> <span class='ocrx_word' id='word_1_132' title='bbox 391 2313 424 2373; x_wconf 90' lang='lat' dir='ltr'><em>in</em></span> <span class='ocrx_word' id='word_1_133' title='bbox 434 2311 459 2372; x_wconf 91' lang='lat' dir='ltr'><em>C</em></span> <span class='ocrx_word' id='word_1_134' title='bbox 463 2321 587 2373; x_wconf 85' lang='lat' dir='ltr'><em>urtreco</em></span> <span class='ocrx_word' id='word_1_135' title='bbox 597 2311 845 2394; x_wconf 86' lang='lat' dir='ltr'><em>praedicationis</em></span> <span class='ocrx_word' id='word_1_136' title='bbox 853 2312 895 2371; x_wconf 86' lang='lat' dir='ltr'><em>ad</em></span> <span class='ocrx_word' id='word_1_137' title='bbox 900 2312 1055 2394; x_wconf 90' lang='lat' dir='ltr'><em>populum</em></span> <span class='ocrx_word' id='word_1_138' title='bbox 1070 2312 1141 2395; x_wconf 79' lang='lat' dir='ltr'><em>offi-</em></span> 
     </span>
     <span class='ocr_line' id='line_1_18' title="bbox 108 2409 1142 2493; baseline -0.001 -22"><span class='ocrx_word' id='word_1_139' title='bbox 108 2410 165 2490; x_wconf 81' lang='lat' dir='ltr'><em>cio,</em></span> <span class='ocrx_word' id='word_1_140' title='bbox 185 2413 267 2472; x_wconf 79' lang='lat' dir='ltr'><em>lanc</em></span> <span class='ocrx_word' id='word_1_141' title='bbox 288 2411 368 2471; x_wconf 77' lang='lat' dir='ltr'><em>miti</em></span> <span class='ocrx_word' id='word_1_142' title='bbox 386 2432 447 2492; x_wconf 88' lang='lat' dir='ltr'><em>per</em></span> <span class='ocrx_word' id='word_1_143' title='bbox 470 2411 591 2471; x_wconf 88' lang='lat' dir='ltr'><em>litteras</em></span> <span class='ocrx_word' id='word_1_144' title='bbox 612 2411 780 2492; x_wconf 88' lang='lat' dir='ltr'><em>proposuit</em></span> <span class='ocrx_word' id='word_1_145' title='bbox 802 2411 1017 2493; x_wconf 85' lang='lat' dir='ltr'><em>quaestionem</em></span> <span class='ocrx_word' id='word_1_146' title='bbox 1038 2409 1142 2470; x_wconf 88' lang='lat' dir='ltr'><em>discu-</em></span> 
     </span>
     <span class='ocr_line' id='line_1_19' title="bbox 108 2507 1141 2592; baseline -0.002 -22"><span class='ocrx_word' id='word_1_147' title='bbox 108 2508 246 2570; x_wconf 86' lang='lat' dir='ltr'><em>tiendam</em></span> <span class='ocrx_word' id='word_1_148' title='bbox 259 2529 269 2569; x_wconf 93' lang='grc'><em>.·</em></span> <span class='ocrx_word' id='word_1_149' title='bbox 282 2509 335 2568; x_wconf 90' lang='lat' dir='ltr'><em>An</em></span> <span class='ocrx_word' id='word_1_150' title='bbox 351 2508 406 2569; x_wconf 87' lang='lat' dir='ltr'><em>illa</em></span> <span class='ocrx_word' id='word_1_151' title='bbox 422 2507 610 2570; x_wconf 86' lang='lat' dir='ltr'><em>consuetudo</em></span> <span class='ocrx_word' id='word_1_152' title='bbox 625 2507 735 2592; x_wconf 83' lang='lat' dir='ltr'><em>quain</em></span> <span class='ocrx_word' id='word_1_153' title='bbox 750 2508 844 2569; x_wconf 91' lang='lat' dir='ltr'><em>certis</em></span> <span class='ocrx_word' id='word_1_154' title='bbox 859 2507 999 2569; x_wconf 89' lang='lat' dir='ltr'><em>ecclesiis</em></span> <span class='ocrx_word' id='word_1_155' title='bbox 1013 2515 1141 2569; x_wconf 89' lang='lat' dir='ltr'><em>cavetur</em></span> 
     </span>
     <span class='ocr_line' id='line_1_20' title="bbox 109 2604 1140 2690; baseline 0.002 -24"><span class='ocrx_word' id='word_1_156' title='bbox 109 2605 193 2690; x_wconf 81' lang='lat' dir='ltr'><em>quod</em></span> <span class='ocrx_word' id='word_1_157' title='bbox 207 2606 312 2668; x_wconf 90' lang='lat' dir='ltr'><em>volens</em></span> <span class='ocrx_word' id='word_1_158' title='bbox 327 2605 457 2689; x_wconf 89' lang='lat' dir='ltr'><em>sepeliri</em></span> <span class='ocrx_word' id='word_1_159' title='bbox 478 2606 511 2666; x_wconf 90' lang='lat' dir='ltr'><em>in</em></span> <span class='ocrx_word' id='word_1_160' title='bbox 525 2607 619 2667; x_wconf 84' lang='lat' dir='ltr'><em>cltoro</em></span> <span class='ocrx_word' id='word_1_161' title='bbox 634 2604 784 2667; x_wconf 87' lang='lat' dir='ltr'><em>ecclesiae</em></span> <span class='ocrx_word' id='word_1_162' title='bbox 801 2606 894 2667; x_wconf 82' lang='lat' dir='ltr'><em>debet</em></span> <span class='ocrx_word' id='word_1_163' title='bbox 907 2605 1027 2668; x_wconf 87' lang='lat' dir='ltr'><em>solvere</em></span> <span class='ocrx_word' id='word_1_164' title='bbox 1042 2611 1080 2666; x_wconf 82' lang='lat'><em>20</em></span> <span class='ocrx_word' id='word_1_165' title='bbox 1103 2607 1140 2668; x_wconf 92' lang='lat' dir='ltr'><em>li·</em></span> 
     </span>
     <span class='ocr_line' id='line_1_21' title="bbox 109 2702 1140 2787; baseline 0 -23"><span class='ocrx_word' id='word_1_166' title='bbox 109 2703 183 2766; x_wconf 84' lang='lat' dir='ltr'><em>bras</em></span> <span class='ocrx_word' id='word_1_167' title='bbox 203 2705 397 2787; x_wconf 85' lang='lat' dir='ltr'><em>parisienses</em></span> <span class='ocrx_word' id='word_1_168' title='bbox 421 2712 540 2766; x_wconf 86' lang='lat' dir='ltr'><em>monete</em></span> <span class='ocrx_word' id='word_1_169' title='bbox 558 2703 744 2786; x_wconf 73' lang='lat' dir='ltr'><em>(landricae,</em></span> <span class='ocrx_word' id='word_1_170' title='bbox 771 2702 878 2782; x_wconf 80' lang='lat' dir='ltr'><em>idest,</em></span> <span class='ocrx_word' id='word_1_171' title='bbox 905 2708 941 2763; x_wconf 88' lang='grc'><em>10</em></span> <span class='ocrx_word' id='word_1_172' title='bbox 959 2704 1088 2785; x_wconf 77' lang='lat' dir='ltr'><em>francos</em></span> <span class='ocrx_word' id='word_1_173' title='bbox 1106 2741 1140 2750; x_wconf 90' lang='lat'>—</span> 
     </span>
     <span class='ocr_line' id='line_1_22' title="bbox 109 2802 1141 2884; baseline -0.001 -21"><span class='ocrx_word' id='word_1_174' title='bbox 109 2811 179 2864; x_wconf 83' lang='lat' dir='ltr'><em>ante</em></span> <span class='ocrx_word' id='word_1_175' title='bbox 198 2804 328 2863; x_wconf 78' lang='lat' dir='ltr'><em>oliorum</em></span> <span class='ocrx_word' id='word_1_176' title='bbox 343 2824 415 2863; x_wconf 88' lang='lat' dir='ltr'><em>vero</em></span> <span class='ocrx_word' id='word_1_177' title='bbox 426 2807 463 2863; x_wconf 87' lang='lat'><em>10</em></span> <span class='ocrx_word' id='word_1_178' title='bbox 476 2839 509 2849; x_wconf 88' lang='lat'>-</span> <span class='ocrx_word' id='word_1_179' title='bbox 521 2802 554 2862; x_wconf 90' lang='lat' dir='ltr'><em>in</em></span> <span class='ocrx_word' id='word_1_180' title='bbox 569 2802 685 2884; x_wconf 82' lang='lat' dir='ltr'><em>majori</em></span> <span class='ocrx_word' id='word_1_181' title='bbox 694 2803 768 2862; x_wconf 87' lang='lat' dir='ltr'><em>navi</em></span> <span class='ocrx_word' id='word_1_182' title='bbox 782 2802 912 2864; x_wconf 88' lang='lat' dir='ltr'><em>ecclesie</em></span> <span class='ocrx_word' id='word_1_183' title='bbox 927 2804 993 2863; x_wconf 94' lang='grc'><em>5-</em></span> <span class='ocrx_word' id='word_1_184' title='bbox 1005 2802 1037 2862; x_wconf 91' lang='lat' dir='ltr'><em>in</em></span> <span class='ocrx_word' id='word_1_185' title='bbox 1051 2803 1141 2863; x_wconf 89' lang='lat' dir='ltr'><em>cimi-</em></span> 
     </span>
     <span class='ocr_line' id='line_1_23' title="bbox 111 2899 1141 2983; baseline 0 -21"><span class='ocrx_word' id='word_1_186' title='bbox 111 2901 189 2962; x_wconf 90' lang='lat' dir='ltr'><em>terio</em></span> <span class='ocrx_word' id='word_1_187' title='bbox 205 2900 251 2960; x_wconf 56' lang='grc' dir='ltr'><em>4οἳ</em></span> <span class='ocrx_word' id='word_1_188' title='bbox 265 2937 302 2945; x_wconf 95' lang='grc'>-</span> <span class='ocrx_word' id='word_1_189' title='bbox 316 2899 357 2962; x_wconf 88' lang='lat' dir='ltr'><em>sit</em></span> <span class='ocrx_word' id='word_1_190' title='bbox 373 2899 585 2978; x_wconf 83' lang='lat' dir='ltr'><em>rationabilis,</em></span> <span class='ocrx_word' id='word_1_191' title='bbox 602 2908 632 2961; x_wconf 90' lang='lat' dir='ltr'><em>et</em></span> <span class='ocrx_word' id='word_1_192' title='bbox 646 2922 687 2960; x_wconf 89' lang='lat' dir='ltr'><em>an</em></span> <span class='ocrx_word' id='word_1_193' title='bbox 705 2900 855 2983; x_wconf 78' lang='lat' dir='ltr'><em>mapistri</em></span> <span class='ocrx_word' id='word_1_194' title='bbox 865 2900 1010 2981; x_wconf 81' lang='lat' dir='ltr'><em>fabricae</em></span> <span class='ocrx_word' id='word_1_195' title='bbox 1032 2908 1141 2963; x_wconf 89' lang='lat' dir='ltr'><em>contra</em></span> 
     </span>
     <span class='ocr_line' id='line_1_24' title="bbox 111 2997 1144 3081; baseline 0 -22"><span class='ocrx_word' id='word_1_196' title='bbox 111 3006 289 3059; x_wconf 85' lang='lat' dir='ltr'><em>recusantes</em></span> <span class='ocrx_word' id='word_1_197' title='bbox 304 2998 433 3076; x_wconf 81' lang='lat' dir='ltr'><em>solvere,</em></span> <span class='ocrx_word' id='word_1_198' title='bbox 446 3007 526 3080; x_wconf 89' lang='lat' dir='ltr'><em>puta</em></span> <span class='ocrx_word' id='word_1_199' title='bbox 538 2997 688 3059; x_wconf 77' lang='lat' dir='ltr'><em>haeredes</em></span> <span class='ocrx_word' id='word_1_200' title='bbox 699 2997 932 3079; x_wconf 79' lang='lat' dir='ltr'><em>defunctorum,</em></span> <span class='ocrx_word' id='word_1_201' title='bbox 937 2998 1062 3080; x_wconf 90' lang='lat' dir='ltr'><em>possint</em></span> <span class='ocrx_word' id='word_1_202' title='bbox 1067 3021 1144 3081; x_wconf 89' lang='lat' dir='ltr'><em>pro-</em></span> 
     </span>
     <span class='ocr_line' id='line_1_25' title="bbox 110 3095 1143 3178; baseline 0 -22"><span class='ocrx_word' id='word_1_203' title='bbox 110 3096 219 3158; x_wconf 88' lang='lat' dir='ltr'><em>cedere</em></span> <span class='ocrx_word' id='word_1_204' title='bbox 243 3095 456 3177; x_wconf 88' lang='lat' dir='ltr'><em>compellendo</em></span> <span class='ocrx_word' id='word_1_205' title='bbox 479 3117 529 3156; x_wconf 93' lang='lat' dir='ltr'><em>eos</em></span> <span class='ocrx_word' id='word_1_206' title='bbox 560 3095 603 3156; x_wconf 85' lang='lat' dir='ltr'><em>ed</em></span> <span class='ocrx_word' id='word_1_207' title='bbox 626 3095 825 3156; x_wconf 88' lang='lat' dir='ltr'><em>solutionem.</em></span> <span class='ocrx_word' id='word_1_208' title='bbox 853 3095 914 3156; x_wconf 88' lang='lat' dir='ltr'><em>Cui</em></span> <span class='ocrx_word' id='word_1_209' title='bbox 932 3118 994 3178; x_wconf 89' lang='lat' dir='ltr'><em>per</em></span> <span class='ocrx_word' id='word_1_210' title='bbox 1022 3095 1143 3158; x_wconf 84' lang='lat' dir='ltr'><em>litteras</em></span> 
     </span>
    </p>
   </div>
   <div class='ocr_carea' id='block_1_9' title="bbox 113 3193 1232 3365">
    <p class='ocr_par' dir='ltr' id='par_1_9' title="bbox 113 3193 1232 3365">
     <span class='ocr_line' id='line_1_26' title="bbox 113 3193 1043 3277; baseline 0 -23"><span class='ocrx_word' id='word_1_211' title='bbox 113 3193 243 3256; x_wconf 90' lang='lat' dir='ltr'><em>modoet</em></span> <span class='ocrx_word' id='word_1_212' title='bbox 258 3201 402 3256; x_wconf 73' lang='lat' dir='ltr'><em>contestu</em></span> <span class='ocrx_word' id='word_1_213' title='bbox 419 3193 565 3277; x_wconf 83' lang='lat' dir='ltr'><em>sequenti</em></span> <span class='ocrx_word' id='word_1_214' title='bbox 580 3202 653 3255; x_wconf 90' lang='lat' dir='ltr'><em>tunc</em></span> <span class='ocrx_word' id='word_1_215' title='bbox 672 3193 819 3274; x_wconf 88' lang='lat' dir='ltr'><em>respondi</em></span> <span class='ocrx_word' id='word_1_216' title='bbox 835 3220 849 3251; x_wconf 77' lang='lat' dir='ltr'><em>s</em></span> <span class='ocrx_word' id='word_1_217' title='bbox 867 3195 903 3275; x_wconf 77' lang='grc'><em>(1.</em></span> <span class='ocrx_word' id='word_1_218' title='bbox 916 3195 974 3253; x_wconf 87' lang='grc'><em>270</em></span> <span class='ocrx_word' id='word_1_219' title='bbox 986 3196 1043 3276; x_wconf 80' lang='lat' dir='ltr'>v0).</span> 
     </span>
     <span class='ocr_line' id='line_1_27' title="bbox 1043 3294 1232 3365; baseline 0.005 -19"><span class='ocrx_word' id='word_1_220' title='bbox 1043 3295 1076 3347; x_wconf 78' lang='lat' dir='ltr'><em>aa</em></span> <span class='ocrx_word' id='word_1_221' title='bbox 1088 3294 1150 3365; x_wconf 77' lang='lat' dir='ltr'><em>jus</em></span> <span class='ocrx_word' id='word_1_222' title='bbox 1165 3297 1232 3348; x_wconf 81' lang='lat'>1517</span> 
     </span>
    </p>
   </div>
   <div class='ocr_carea' id='block_1_10' title="bbox 110 3433 1148 3614">
    <p class='ocr_par' dir='ltr' id='par_1_10' title="bbox 110 3433 1148 3614">
     <span class='ocr_line' id='line_1_28' title="bbox 150 3433 1147 3517; baseline 0.005 -27"><span class='ocrx_word' id='word_1_223' title='bbox 150 3436 211 3515; x_wconf 60' lang='lat' dir='ltr'><strong><em>w</em></strong></span> <span class='ocrx_word' id='word_1_224' title='bbox 232 3460 246 3492; x_wconf 94' lang='lat'>«</span> <span class='ocrx_word' id='word_1_225' title='bbox 263 3433 449 3517; x_wconf 79' lang='lat' dir='ltr'><em>Assipnatio</em></span> <span class='ocrx_word' id='word_1_226' title='bbox 469 3434 627 3495; x_wconf 86' lang='lat' dir='ltr'><em>rationum</em></span> <span class='ocrx_word' id='word_1_227' title='bbox 643 3457 743 3517; x_wconf 87' lang='lat' dir='ltr'><em>quare</em></span> <span class='ocrx_word' id='word_1_228' title='bbox 759 3457 819 3494; x_wconf 88' lang='lat' dir='ltr'><em>non</em></span> <span class='ocrx_word' id='word_1_229' title='bbox 838 3434 903 3515; x_wconf 87' lang='lat' dir='ltr'><em>fuit</em></span> <span class='ocrx_word' id='word_1_230' title='bbox 919 3435 1056 3496; x_wconf 86' lang='lat' dir='ltr'><em>eundum</em></span> <span class='ocrx_word' id='word_1_231' title='bbox 1076 3457 1147 3495; x_wconf 88' lang='lat' dir='ltr'><em>cum</em></span> 
     </span>
     <span class='ocr_line' id='line_1_29' title="bbox 110 3531 1148 3614; baseline 0.001 -23"><span class='ocrx_word' id='word_1_232' title='bbox 110 3553 187 3614; x_wconf 77' lang='lat' dir='ltr'><em>repe</em></span> <span class='ocrx_word' id='word_1_233' title='bbox 202 3531 355 3594; x_wconf 79' lang='lat' dir='ltr'><em>catholico</em></span> <span class='ocrx_word' id='word_1_234' title='bbox 371 3532 404 3593; x_wconf 92' lang='lat' dir='ltr'><em>id</em></span> <span class='ocrx_word' id='word_1_235' title='bbox 414 3539 540 3614; x_wconf 88' lang='lat' dir='ltr'><em>petente</em></span> <span class='ocrx_word' id='word_1_236' title='bbox 556 3559 583 3592; x_wconf 87' lang='lat'><em>».</em></span> <span class='ocrx_word' id='word_1_237' title='bbox 601 3568 638 3578; x_wconf 96' lang='lat'>-</span> <span class='ocrx_word' id='word_1_238' title='bbox 655 3534 715 3593; x_wconf 90' lang='lat' dir='ltr'><em>Seu</em></span> <span class='ocrx_word' id='word_1_239' title='bbox 731 3555 787 3593; x_wconf 90' lang='lat' dir='ltr'><em>eur</em></span> <span class='ocrx_word' id='word_1_240' title='bbox 802 3533 938 3594; x_wconf 87' lang='lat' dir='ltr'><em>noluerit</em></span> <span class='ocrx_word' id='word_1_241' title='bbox 950 3533 1057 3594; x_wconf 87' lang='lat' dir='ltr'><em>audire</em></span> <span class='ocrx_word' id='word_1_242' title='bbox 1074 3555 1148 3594; x_wconf 91' lang='lat' dir='ltr'><em>eon-</em></span> 
     </span>
    </p>
   </div>
   <div class='ocr_carea' id='block_1_11' title="bbox 111 3631 1233 3785">
    <p class='ocr_par' dir='ltr' id='par_1_11' title="bbox 111 3631 1233 3785">
     <span class='ocr_line' id='line_1_30' title="bbox 111 3631 1233 3768; baseline 0.052 -79"><span class='ocrx_word' id='word_1_243' title='bbox 111 3631 259 3691; x_wconf 90' lang='lat' dir='ltr'><em>lessiones</em></span> <span class='ocrx_word' id='word_1_244' title='bbox 278 3631 380 3691; x_wconf 87' lang='lat' dir='ltr'><em>Caroli</em></span> <span class='ocrx_word' id='word_1_245' title='bbox 398 3632 428 3688; x_wconf 61' lang='lat' dir='ltr'><em>V=</em></span> <span class='ocrx_word' id='word_1_246' title='bbox 442 3632 638 3712; x_wconf 87' lang='lat' dir='ltr'><em>imperatoris</em></span> <span class='ocrx_word' id='word_1_247' title='bbox 655 3632 688 3711; x_wconf 77' lang='lat' dir='ltr'><em>li·</em></span> <span class='ocrx_word' id='word_1_248' title='bbox 707 3632 790 3713; x_wconf 79' lang='lat'><strong>272).</strong></span> <span class='ocrx_word' id='word_1_249' title='bbox 912 3713 967 3766; x_wconf 75' lang='lat' dir='ltr'><em>s.</em></span> <span class='ocrx_word' id='word_1_250' title='bbox 1020 3717 1035 3766; x_wconf 67' lang='lat'><strong>2</strong></span> <span class='ocrx_word' id='word_1_251' title='bbox 1167 3717 1233 3768; x_wconf 71' lang='lat'>1517</span> 
     </span>
     <span class='ocr_line' id='line_1_31' title="bbox 933 3715 1151 3785; baseline 0.028 -23"><span class='ocrx_word' id='word_1_252' title='bbox 933 3720 1006 3785; x_wconf 82' lang='lat' dir='ltr'><em>eript.</em></span> <span class='ocrx_word' id='word_1_253' title='bbox 1049 3715 1151 3783; x_wconf 82' lang='lat' dir='ltr'><em>augusti</em></span> 
     </span>
    </p>
   </div>
   <div class='ocr_carea' id='block_1_12' title="bbox 153 3858 1146 3946">
    <p class='ocr_par' dir='ltr' id='par_1_12' title="bbox 153 3858 1146 3946">
     <span class='ocr_line' id='line_1_32' title="bbox 153 3858 1146 3946; baseline 0.005 -30"><span class='ocrx_word' id='word_1_254' title='bbox 153 3863 214 3942; x_wconf 61' lang='lat' dir='ltr'><em>w</em></span> <span class='ocrx_word' id='word_1_255' title='bbox 236 3887 250 3917; x_wconf 76' lang='lat' dir='ltr'><em>a</em></span> <span class='ocrx_word' id='word_1_256' title='bbox 276 3858 406 3922; x_wconf 35' lang='lat' dir='ltr'><em>Decisio⁸</em></span> <span class='ocrx_word' id='word_1_257' title='bbox 425 3861 592 3943; x_wconf 78' lang='lat' dir='ltr'><em>cujusdam</em></span> <span class='ocrx_word' id='word_1_258' title='bbox 616 3870 795 3924; x_wconf 88' lang='lat' dir='ltr'><em>contractus</em></span> <span class='ocrx_word' id='word_1_259' title='bbox 821 3863 855 3923; x_wconf 93' lang='lat' dir='ltr'><em>in</em></span> <span class='ocrx_word' id='word_1_260' title='bbox 878 3864 1019 3945; x_wconf 78' lang='lat' dir='ltr'><em>savorem</em></span> <span class='ocrx_word' id='word_1_261' title='bbox 1037 3863 1146 3946; x_wconf 90' lang='lat' dir='ltr'><em>pupil-</em></span> 
     </span>
    </p>
   </div>
   <div class='ocr_carea' id='block_1_13' title="bbox 113 3958 1148 4139">
    <p class='ocr_par' dir='ltr' id='par_1_13' title="bbox 113 3958 1148 4139">
     <span class='ocr_line' id='line_1_33' title="bbox 113 3958 1148 4043; baseline 0.005 -26"><span class='ocrx_word' id='word_1_262' title='bbox 113 3958 214 4020; x_wconf 92' lang='lat' dir='ltr'><em>lorum</em></span> <span class='ocrx_word' id='word_1_263' title='bbox 229 3959 286 4043; x_wconf 81' lang='lat' dir='ltr'><em>qui</em></span> <span class='ocrx_word' id='word_1_264' title='bbox 300 3967 346 4020; x_wconf 89' lang='lat' dir='ltr'><em>est</em></span> <span class='ocrx_word' id='word_1_265' title='bbox 364 3958 493 4021; x_wconf 90' lang='lat' dir='ltr'><em>illicitus</em></span> <span class='ocrx_word' id='word_1_266' title='bbox 512 3986 525 4016; x_wconf 86' lang='lat'>»</span> <span class='ocrx_word' id='word_1_267' title='bbox 538 3960 574 4041; x_wconf 87' lang='lat' dir='ltr'><em>(s.</em></span> <span class='ocrx_word' id='word_1_268' title='bbox 597 3962 677 4039; x_wconf 72' lang='grc'>2751.</span> <span class='ocrx_word' id='word_1_269' title='bbox 692 3997 726 4006; x_wconf 89' lang='grc'><strong>-</strong></span> <span class='ocrx_word' id='word_1_270' title='bbox 743 3961 917 4043; x_wconf 88' lang='lat' dir='ltr'><em>Responsio</em></span> <span class='ocrx_word' id='word_1_271' title='bbox 926 3962 1148 4022; x_wconf 89' lang='lat' dir='ltr'><em>litterismissis</em></span> 
     </span>
     <span class='ocr_line' id='line_1_34' title="bbox 116 4057 638 4139; baseline 0.01 -25"><span class='ocrx_word' id='word_1_272' title='bbox 116 4060 152 4116; x_wconf 88' lang='grc'><em>20</em></span> <span class='ocrx_word' id='word_1_273' title='bbox 166 4057 271 4139; x_wconf 86' lang='lat' dir='ltr'><em>aprilis</em></span> <span class='ocrx_word' id='word_1_274' title='bbox 291 4058 367 4118; x_wconf 88' lang='lat'>1517</span> <span class='ocrx_word' id='word_1_275' title='bbox 381 4079 397 4117; x_wconf 90' lang='lat' dir='ltr'><em>a</em></span> <span class='ocrx_word' id='word_1_276' title='bbox 412 4059 428 4117; x_wconf 87' lang='lat' dir='ltr'><em>l</em></span> <span class='ocrx_word' id='word_1_277' title='bbox 434 4057 485 4122; x_wconf 92' lang='lat' dir='ltr'><em>ud.</em></span> <span class='ocrx_word' id='word_1_278' title='bbox 503 4057 638 4119; x_wconf 87' lang='lat' dir='ltr'><em>Caulier.</em></span> 
     </span>
    </p>
   </div>
   <div class='ocr_carea' id='block_1_14' title="bbox 925 4141 1235 4213">
    <p class='ocr_par' dir='ltr' id='par_1_14' title="bbox 925 4141 1235 4213">
     <span class='ocr_line' id='line_1_35' title="bbox 925 4141 1235 4213; baseline 0.01 -19"><span class='ocrx_word' id='word_1_279' title='bbox 925 4141 1019 4213; x_wconf 83' lang='lat' dir='ltr'><em>Script.</em></span> <span class='ocrx_word' id='word_1_280' title='bbox 1035 4145 1050 4194; x_wconf 94' lang='grc'>2</span> <span class='ocrx_word' id='word_1_281' title='bbox 1065 4141 1149 4193; x_wconf 86' lang='lat' dir='ltr'><em>octob.</em></span> <span class='ocrx_word' id='word_1_282' title='bbox 1169 4145 1235 4197; x_wconf 89' lang='grc'>1517</span> 
     </span>
    </p>
   </div>
   <div class='ocr_carea' id='block_1_15' title="bbox 118 4288 1147 4471">
    <p class='ocr_par' dir='ltr' id='par_1_15' title="bbox 118 4288 1147 4471">
     <span class='ocr_line' id='line_1_36' title="bbox 153 4288 1147 4373; baseline 0.008 -29"><span class='ocrx_word' id='word_1_283' title='bbox 153 4291 214 4370; x_wconf 60' lang='lat' dir='ltr'><strong><em>w</em></strong></span> <span class='ocrx_word' id='word_1_284' title='bbox 237 4315 252 4345; x_wconf 88' lang='lat'>«</span> <span class='ocrx_word' id='word_1_285' title='bbox 268 4290 321 4349; x_wconf 92' lang='lat' dir='ltr'><em>An</em></span> <span class='ocrx_word' id='word_1_286' title='bbox 331 4288 417 4351; x_wconf 87' lang='lat' dir='ltr'><em>licita</em></span> <span class='ocrx_word' id='word_1_287' title='bbox 432 4289 473 4350; x_wconf 88' lang='lat' dir='ltr'><em>sit</em></span> <span class='ocrx_word' id='word_1_288' title='bbox 484 4289 595 4351; x_wconf 89' lang='lat' dir='ltr'><em>locatio</em></span> <span class='ocrx_word' id='word_1_289' title='bbox 607 4312 768 4370; x_wconf 82' lang='lat' dir='ltr'><em>curarum,</em></span> <span class='ocrx_word' id='word_1_290' title='bbox 783 4290 921 4351; x_wconf 90' lang='lat' dir='ltr'><em>locorum</em></span> <span class='ocrx_word' id='word_1_291' title='bbox 934 4292 975 4352; x_wconf 89' lang='lat' dir='ltr'><em>ad</em></span> <span class='ocrx_word' id='word_1_292' title='bbox 978 4291 1147 4373; x_wconf 86' lang='lat' dir='ltr'><em>praedica-</em></span> 
     </span>
     <span class='ocr_line' id='line_1_37' title="bbox 118 4388 1145 4471; baseline 0.003 -24"><span class='ocrx_word' id='word_1_293' title='bbox 118 4388 240 4465; x_wconf 88' lang='lat' dir='ltr'><em>tionem,</em></span> <span class='ocrx_word' id='word_1_294' title='bbox 260 4395 289 4448; x_wconf 88' lang='lat' dir='ltr'><em>et</em></span> <span class='ocrx_word' id='word_1_295' title='bbox 302 4409 369 4447; x_wconf 91' lang='lat' dir='ltr'><em>sors</em></span> <span class='ocrx_word' id='word_1_296' title='bbox 388 4409 485 4448; x_wconf 86' lang='lat' dir='ltr'><em>urnae</em></span> <span class='ocrx_word' id='word_1_297' title='bbox 498 4388 675 4470; x_wconf 78' lang='lat' dir='ltr'><em>Burpensis</em></span> <span class='ocrx_word' id='word_1_298' title='bbox 691 4415 704 4445; x_wconf 75' lang='lat' dir='ltr'><em>n</em></span> <span class='ocrx_word' id='word_1_299' title='bbox 720 4388 755 4470; x_wconf 81' lang='lat' dir='ltr'><em>(f.</em></span> <span class='ocrx_word' id='word_1_300' title='bbox 775 4391 833 4450; x_wconf 89' lang='grc'><em>275</em></span> <span class='ocrx_word' id='word_1_301' title='bbox 848 4390 907 4471; x_wconf 84' lang='lat' dir='ltr'><strong>v0).</strong></span> <span class='ocrx_word' id='word_1_302' title='bbox 922 4391 1145 4471; x_wconf 88' lang='lat' dir='ltr'><em>—Responsio</em></span> 
     </span>
    </p>
   </div>
   <div class='ocr_carea' id='block_1_16' title="bbox 125 4485 1235 4657">
    <p class='ocr_par' dir='ltr' id='par_1_16' title="bbox 125 4485 1235 4657">
     <span class='ocr_line' id='line_1_38' title="bbox 125 4485 1146 4569; baseline 0.003 -24"><span class='ocrx_word' id='word_1_303' title='bbox 125 4486 161 4545; x_wconf 92' lang='lat' dir='ltr'><em>ad</em></span> <span class='ocrx_word' id='word_1_304' title='bbox 177 4495 239 4546; x_wconf 88' lang='lat' dir='ltr'><em>tres</em></span> <span class='ocrx_word' id='word_1_305' title='bbox 254 4485 450 4567; x_wconf 84' lang='lat' dir='ltr'><em>quaestiones</em></span> <span class='ocrx_word' id='word_1_306' title='bbox 464 4487 566 4546; x_wconf 88' lang='lat' dir='ltr'><em>alud.</em></span> <span class='ocrx_word' id='word_1_307' title='bbox 584 4487 707 4547; x_wconf 84' lang='lat' dir='ltr'><em>Caulier</em></span> <span class='ocrx_word' id='word_1_308' title='bbox 722 4489 760 4548; x_wconf 90' lang='grc'><em>25</em></span> <span class='ocrx_word' id='word_1_309' title='bbox 775 4495 855 4568; x_wconf 89' lang='lat' dir='ltr'><em>sept.</em></span> <span class='ocrx_word' id='word_1_310' title='bbox 872 4488 948 4548; x_wconf 85' lang='lat'>1517</span> <span class='ocrx_word' id='word_1_311' title='bbox 961 4489 1146 4569; x_wconf 74' lang='lat' dir='ltr'><em>propositas,</em></span> 
     </span>
     <span class='ocr_line' id='line_1_39' title="bbox 926 4585 1235 4657; baseline 0.013 -18"><span class='ocrx_word' id='word_1_312' title='bbox 926 4585 1019 4657; x_wconf 86' lang='lat' dir='ltr'><em>Script.</em></span> <span class='ocrx_word' id='word_1_313' title='bbox 1035 4590 1051 4641; x_wconf 89' lang='lat'><strong>3</strong></span> <span class='ocrx_word' id='word_1_314' title='bbox 1065 4587 1149 4640; x_wconf 89' lang='lat' dir='ltr'><em>octob.</em></span> <span class='ocrx_word' id='word_1_315' title='bbox 1167 4591 1235 4643; x_wconf 88' lang='grc'>1517</span> 
     </span>
    </p>
   </div>
   <div class='ocr_carea' id='block_1_17' title="bbox 0 0 1552 5422">
    <p class='ocr_par' dir='ltr' id='par_1_17' title="bbox 0 0 1552 5422">
     <span class='ocr_line' id='line_1_40' title="bbox 0 0 1552 5422; baseline 0 0"><span class='ocrx_word' id='word_1_316' title='bbox 0 0 1552 5422; x_wconf 95' lang='lat' dir='ltr'><em> </em></span> 
     </span>
    </p>
   </div>
  </div>
 </body>
</html>
