3074 5422
695 435 855 496 ..45-

214 567 300 657 logis
312 568 327 630 J
334 619 340 632 .
355 568 475 652 Major,
486 567 686 656 Margaritae
692 568 849 655 jocalium
864 581 986 644 custos,
997 570 1116 647 Faber,
1130 572 1202 656 ejus
1211 570 1332 634 biblio-

212 663 392 742 thecarius,
406 664 548 728 Michael
564 664 742 742 d’Aranda,
762 665 957 752 ejuslector,
976 666 1081 730 Rufus
1092 667 1268 754 (Roussel),
1281 666 1332 754 ip-

214 759 281 823 sius
293 761 592 848 elcemosnayrius:
611 763 667 850 qui
683 763 771 827 varia
788 763 977 827 condebant
998 787 1098 852 opera
1116 764 1333 829 Reformatio-

214 858 331 946 nisque
347 858 515 922 doctrinas
536 861 694 947 paulatim
714 861 747 923 in
768 860 919 924 Blesensi
935 862 1073 951 regione
1094 864 1306 952 spargebant.

257 957 480 1036 Quamobrem
504 958 708 1036 Guillardus,
730 959 809 1022 dum
834 972 904 1022 erat
925 959 1043 1036 Blesis,
1063 961 1115 1023 ‘ll‘
1132 961 1331 1047 septembris

214 1055 311 1132 1527,
330 1068 444 1118 contra
455 1056 562 1121 Nicol.
578 1055 619 1119 de
632 1058 666 1120 S.
682 1056 806 1131 Gelais,
820 1058 1084 1143 protonotarium
1099 1057 1329 1145 apostolicum,

213 1164 244 1214 et
273 1152 375 1217 Guill.
403 1154 522 1230 Dunis,
550 1153 714 1217 medicum
739 1155 951 1245 Margaritae,
975 1154 1111 1232 aulicos,
1142 1169 1177 1219 ut
1201 1156 1330 1220 haeresi

213 1263 384 1337 suspectos
411 1251 594 1338 procedere
611 1252 724 1338 jussit,
748 1265 780 1315 et
808 1254 839 1316 9²
860 1253 1006 1315 octobris
1028 1253 1216 1317 denuntiari
1239 1278 1330 1317 man·

214 1347 300 1412 davit
321 1349 377 1436 qui
393 1350 493 1413 valvis
514 1349 595 1413 istos
616 1349 787 1414 affixerant
802 1350 1006 1414 versiculos:

351 1500 463 1560 Sancta
486 1501 528 1580 pii
550 1502 658 1561 vivent
680 1523 802 1582 semper
824 1508 1025 1562 monumenta
1048 1502 1176 1561 Lutheri

431 1589 470 1648 Et
486 1597 561 1649 ’ruet
582 1590 689 1650 infelix
711 1591 828 1650 vertice
851 1590 933 1670 Papa
956 1594 1042 1650 suo¹.

212 1739 351 1817 Rursus,
390 1743 429 1805 10
456 1743 568 1806 martis
595 1744 692 1821 1527,
724 1767 783 1830 per
808 1745 943 1806 Petrum
971 1745 1131 1820 Sceneau,
1161 1743 1328 1808 blesensis

212 1837 435 1902 archidiaconi
463 1839 648 1918 officialem,
678 1854 793 1904 contra
813 1841 984 1906 Nicolaum
1007 1840 1048 1904 de
1075 1843 1109 1906 S.
1139 1842 1273 1920 Genais,
1297 1856 1329 1907 et

210 1935 384 1999 Dominam
412 1938 603 2015 Carlottam,
632 1951 746 2002 contra
766 1940 910 2002 Fabrum
931 1939 1040 2027 ipsum
1062 1939 1328 2029 discipulumque

211 2034 280 2120 ejus
305 2035 483 2098 Martinum
505 2036 674 2124 inquirere
699 2037 882 2100 mandarit:
906 2036 996 2124 quod
1018 2036 1130 2100 forsan
1150 2061 1247 2102 causa
1267 2038 1328 2103 suit

209 2155 266 2194 cur
287 2134 466 2224 Margarita
493 2138 521 2199 J.
547 2137 693 2200 Fabrum
715 2135 960 2223 stapulensem,
988 2148 1024 2199 ut
1052 2136 1197 2200 securior
1225 2151 1325 2217 esset,

208 2231 371 2294 Neracum
393 2232 525 2297 duxerit
537 2233 558 2296 2.

251 2326 294 2390 At
306 2328 518 2394 Clichtoveus
533 2331 657 2395 nullam
671 2332 722 2395 his
740 2345 855 2396 contra
875 2332 1051 2396 Blesenses
1067 2333 1279 2420 processibus
1296 2344 1329 2396 et

208 2427 404 2511 praesertim
426 2442 539 2492 contra
565 2443 710 2493 veterem
736 2430 933 2518 Magistrum
958 2443 1085 2517 partem
1111 2430 1327 2518 assumpsisse

207 2522 350 2601 videtur,
368 2527 426 2590 sed
442 2550 459 2589 e
476 2540 602 2605 contra,
621 2527 761 2591 concilio
779 2527 972 2591 Provinciae
989 2526 1221 2606 Senonensis³,
1237 2528 1327 2614 quod

209 2620 394 2686 Cardinalis
415 2627 554 2712 Duprat‚
581 2626 784 2690 Senonensis
807 2625 1088 2713 archiepiscopus,
1112 2639 1227 2689 contra
1249 2629 1326 2690 Pro·

208 2720 464 2798 testantismum,
488 2723 636 2799 Parisiis,
658 2748 744 2786 anno
769 2725 865 2800 1528,
887 2724 1065 2801 indixerat,
1093 2748 1159 2786 non
1184 2725 1325 2814 impigre

209 2814 312 2880 afluit.
328 2820 505 2884 Convocati
522 2834 616 2884 erant
628 2846 693 2884 non
710 2834 837 2885 tantum
849 2846 964 2884 omnes
982 2822 1186 2885 Senonensis
1202 2822 1326 2885 archie-

208 2912 397 3002 piscopatus
413 2917 624 3010 suffraganei,
644 2919 750 2983 sedet
770 2919 963 3006 peritissimi
983 2919 1191 3010 theologicae
1207 2920 1325 2983 Facul-

208 3013 284 3075 tatis
297 3016 472 3093 DoctoreS,
491 3018 630 3105 quitum
651 3017 746 3080 multi
767 3017 966 3094 confluxere,
990 3030 1024 3080 ut
1040 3017 1129 3080 istud
1147 3017 1326 3081 Facultatis

208 3110 414 3202 theologicae
431 3115 609 3178 concilium
626 3139 698 3178 esse
714 3115 897 3179 videretur:
914 3142 930 3176 «
947 3117 1044 3178 Hisce
1062 3114 1325 3179 discussionibus

209 3206 341 3276 interfui
353 3235 417 3275 una
429 3236 503 3275 oum
516 3212 589 3276 aliis
598 3212 806 3303 theologicae
819 3213 1036 3300 professionis
1048 3212 1126 3276 viris
1136 3212 1325 3301 insignibus

208 3305 247 3368 ad
267 3305 354 3370 idem
370 3311 557 3374 Concilium
577 3324 723 3388 vocatus,
743 3311 851 3374 aiebat
867 3310 1091 3374 Clichto'heus.
1111 3337 1127 3370 n
1150 3311 1238 3392 Quin
1258 3311 1325 3375 imo

208 3405 422 3492 praecipuum
439 3408 533 3473 istius
554 3409 687 3473 concilii
710 3426 785 3473 ante
803 3408 1036 3473 'l'ridentinum
1057 3408 1239 3472 doctissimi
1264 3409 1324 3472 fuit

209 3503 387 3567 oraculum.

251 3601 360 3666 Prima
384 3604 518 3692 quidem
539 3606 655 3683 sessio,
675 3609 706 3668 3²
722 3605 892 3683 februarii,
915 3605 949 3668 in
969 3604 1108 3668 ecclesia
1127 3607 1324 3693 Magnorum

208 3697 479 3786 Augustinorum,
508 3727 591 3790 quae
613 3705 705 3790 juxta
736 3704 868 3767 domum
898 3703 1050 3766 Herculis
1075 3703 1142 3766 sive
1166 3702 1324 3789 palatium

209 3795 393 3861 Cardinalis
414 3813 484 3863 erat
511 3801 585 3878 sita,
611 3800 672 3863 fuit
696 3801 820 3864 habita.
848 3800 947 3863 lnitio
973 3800 1107 3887 quidem
1131 3813 1324 3887 praesentes

207 3893 297 3958 fuere
321 3920 394 3959 cum
414 3898 580 3985 episcopis
604 3923 719 3963 omnes
745 3913 815 3962 tum
840 3898 1060 3986 capitulorum
1085 3912 1155 3962 tum
1176 3899 1324 3962 abbatia-

206 4016 277 4054 rum
301 3992 469 4082 deputati:
494 3996 552 4059 sed
572 4021 657 4072 cum,
677 3997 719 4059 ob
740 3997 911 4085 penuriam
938 3995 1159 4087 ingruentem,
1186 4009 1236 4059 tot
1262 3996 1323 4060 viri

206 4089 339 4155 difficile
355 4093 492 4157 Parisiis
515 4095 596 4158 vitae
613 4095 797 4158 necessaria
813 4095 1038 4169 inveniebant,
1061 4093 1233 4182 quosdam,
1256 4095 1323 4157 sive

240 4318 265 4366 l.
287 4315 328 4367 Cf.
347 4316 490 4375 Mardonia,
511 4317 646 4379 Concilio,
663 4319 710 4379 IX,
728 4315 806 4372 1925.

240 4390 265 4438 2.
288 4387 408 4446 Souchet,
426 4389 472 4449 lll,
490 4392 551 4442 533.
568 4421 602 4428 -
615 4390 693 4441 Anno
705 4393 782 4446 1532.
798 4389 890 4440 Petrus
901 4389 1013 4441 Scencau
1028 4396 1117 4441 contra
1129 4389 1173 4440 Fr.
1189 4389 1225 4440 du
1238 4389 1323 4440 Breuil

204 4456 349 4510 blesensem
365 4478 453 4511 rursus
468 4461 597 4529 processit,
616 4460 736 4519 Souchet,
754 4461 800 4516 lll,
819 4464 880 4514 551.
984 4481 986 4484 ·

239 4534 265 4582 3.
286 4530 326 4580 De
340 4531 389 4582 hoc
401 4533 508 4583 concilio
524 4532 675 4591 Senonensi,
692 4532 749 4584 vide
764 4532 858 4591 Labbe‚
873 4532 943 4592 XIV,
958 4535 1017 4593 459,
1028 4532 1246 4601 Jager,xxxl11,
1259 4535 1320 4595 393,

202 4599 352 4662 Cbevillier,
370 4606 429 4673 420,
448 4603 477 4654 C.
496 4605 605 4674 Duprat,
624 4608 684 4666 120,
703 4603 823 4665 Souchet,
840 4604 887 4666 lll,
904 4607 965 4657 546.
