3074 5422
691 437 851 500 ..96-

210 571 333 659 quippe
358 596 441 659 quae
464 571 562 635 fuerit
587 596 603 635 a
628 571 835 636 Tridentinis
855 574 1042 661 ceterisque
1062 577 1216 640 conciliis
1241 577 1334 643 adhi-

208 671 288 733 bita.
319 671 431 734 Primo
460 669 608 757 quidem,
643 683 677 734 ut
704 670 859 746 diximus,
890 695 973 759 quae
998 672 1039 736 de
1063 673 1214 739 doctrina
1237 689 1334 741 erant

208 768 312 831 abiis
342 791 425 855 quae
459 767 547 831 circa
585 768 794 855 disciplinam
835 768 1172 859 reformationemque
1202 797 1332 837 morum

207 867 435 943 versabantur,
458 865 629 928 distinxit:
653 864 729 928 dein
752 878 925 954 utramque
951 880 1078 954 partem
1099 871 1248 959 generali
1272 872 1331 936 de·

208 977 311 1041 creto,
336 963 479 1027 decretis
502 963 772 1051 particularibus,
797 965 1084 1051 propositionibus
1105 967 1284 1044 damnatis,
1300 982 1332 1033 et

207 1063 437 1126 exhortatione
453 1061 671 1148 adprincipcs
690 1062 889 1125 christianos
906 1065 1101 1151 composuit.
1121 1067 1158 1128 In
1173 1068 1331 1132 omnibus

208 1160 420 1225 Clichtoveus
437 1185 471 1223 se
489 1160 681 1249 theologum
696 1172 728 1222 ct
747 1159 929 1223 litteratum
946 1162 1110 1248 praebuit.
1130 1164 1166 1225 ln
1183 1187 1330 1251 praeam-

208 1259 284 1322 bulo
305 1258 413 1346 capite
432 1258 522 1345 quod
547 1258 628 1320 mira
648 1257 809 1348 gravitate
836 1270 993 1345 praestat,
1015 1260 1197 1324 Lutherum
1222 1262 1331 1327 Clich·

205 1369 320 1420 toveus
352 1369 508 1443 tanquam
541 1368 735 1419 cunctorum
768 1356 1014 1419 haereticorum
1048 1358 1240 1438 haeredem,
1281 1360 1332 1424 vel

207 1454 360 1544 dogmata
376 1453 509 1517 sibimet
524 1453 779 1517 contradictoria
796 1467 999 1518 asserentem
1017 1471 1265 1542 repraesentat:
1284 1457 1332 1521 sic

206 1552 372 1640 praeludit
397 1552 607 1617 Clichtoveus
639 1552 814 1614 Bossuetio
841 1553 1100 1616 Protestantium
1130 1556 1330 1619 variationes

207 1650 386 1714 enarranti.
412 1651 587 1714 Caeterum
610 1648 766 1740 generale
788 1648 958 1713 decretum
978 1664 1028 1714 est
1047 1675 1158 1738 grave,
1181 1654 1330 1740 particu-

207 1749 286 1812 laria
316 1748 447 1811 decreta
479 1760 555 1812 sunt
584 1760 652 1810 arte
687 1747 807 1810 selecta
842 1747 1116 1835 abundanterque
1151 1751 1327 1838 explicata,

206 1870 364 1911 censurae
385 1845 521 1923 nitidae,
549 1845 655 1908 finalis
676 1845 861 1908 exhortatio
878 1845 1056 1932 pathetica.
1082 1847 1203 1911 Iisdem
1219 1849 1328 1936 quali·

205 1945 329 2008 tatibus
350 1943 454 2032 fulget
474 1945 705 2030 Corrzpenclium
726 1942 815 2030 quod
839 1942 930 2006 Actis
956 1943 1095 2007 Concilii
1114 1945 1328 2010 Clichtoveus

206 2042 346 2117 addidit,
364 2054 400 2105 ut
419 2041 630 2104 irrisionibus
651 2041 788 2104 Lutheri
809 2041 1040 2128 responderet.
1060 2042 1119 2105 llic
1141 2044 1228 2107 enim
1250 2067 1329 2108 cen·

206 2141 292 2205 suris
317 2139 496 2205 Facultatis
526 2139 748 2229 Theologicac
778 2138 930 2203 illuserat
957 2139 1034 2226 quia
1064 2140 1164 2204 nullis
1197 2142 1329 2207 motivis

205 2251 299 2302 erant
318 2237 450 2301 innixae
462 2235 482 2300 ¹.
507 2240 731 2325 Quapropter,
754 2236 968 2300 Clichtoveus
985 2237 1018 2299 in
1037 2238 1233 2326 Compendio
1250 2244 1330 2306 veri-

207 2352 311 2401 tatum
327 2335 511 2398 doctrinam
529 2334 688 2398 Actorum
705 2333 847 2396 Concilii
862 2333 1071 2398 abundanter
1087 2349 1329 2401 commentatus

205 2448 266 2501 est.
289 2435 362 2515 Quo
384 2433 501 2497 melius
521 2435 584 2496 hoc
604 2444 800 2520 praestaret,
824 2432 918 2495 libris
943 2433 1043 2495 etiam
1060 2435 1129 2519 jam
1151 2435 1326 2526 evulgatis,

204 2532 245 2596 de
266 2533 388 2620 quibus
405 2532 502 2596 nobis
523 2543 675 2620 superest
691 2529 882 2609 dicendum,
906 2555 985 2595 usus
1001 2543 1061 2594 est.

448 2897 591 2962 CAPUT
616 2896 821 2960 DECIMUM
847 2896 1076 2977 Qunavuu.

247 3115 404 3165 ounnrrnn
431 3116 648 3156 cnrcnrovnus
673 3117 705 3156 nv
732 3116 833 3155 nrnms
859 3116 1074 3157 nuruanmvau
1094 3116 1282 3158 oocranvxu

672 3199 862 3263 turcorum?

247 3424 283 3485 ln
311 3423 405 3486 libris
433 3423 531 3487 etiam
558 3423 771 3488 Clichtoveus
802 3422 1022 3486 Lutheranam
1057 3424 1244 3488 doctrinam
1278 3439 1329 3491 est

203 3520 397 3584 insectatus.

247 3620 403 3683 Erasmus
424 3644 489 3682 non
515 3619 608 3706 parvi
628 3618 768 3682 faciebat
790 3632 888 3707 caput
908 3619 949 3682 de
971 3618 1056 3682 votis
1075 3621 1270 3686 monasticis
1291 3622 1323 3686 in

202 3718 412 3781 Antilutlrero
442 3717 596 3805 idemque
626 3719 642 3781 1
674 3718 825 3784 decemb.
861 3719 945 3781 1524
980 3718 1151 3781 continere
1191 3718 1322 3784 dicebat

203 3814 366 3903 quidquid
399 3815 439 3878 ad
476 3817 560 3879 hanc
589 3815 758 3879 materiam
790 3815 941 3879 conl'erre
966 3828 1108 3903 poterat.
1145 3817 1321 3905 Praecipui

202 3937 283 4002 ergo
298 3913 403 3999 ipsius
419 3926 577 3976 tractatus
600 3913 689 3977 suere
709 3912 940 3978 Antilutlterus
960 3926 993 3976 et
1015 3913 1318 4002 Propugnaculum,

180 4091 182 4095 ἲ
202 4034 342 4097 quorum
359 4023 535 4099 utrumque
557 4024 607 4074 est
627 4034 753 4073 summa
774 4011 963 4098 theologica
979 4023 1010 4073 et
1031 4011 1191 4075 litteraria
1208 4026 1321 4077 contra

202 4110 532 4172 Protcstantismum:
553 4134 591 4172 cx
610 4108 661 4171 his
678 4109 746 4171 scre
767 4133 881 4172 omncs
897 4108 1142 4172 antilutherana
1161 4134 1251 4174 arma
1267 4112 1321 4175 de-

203 4231 386 4294 sumpserc,
416 4220 448 4271 et
469 4207 543 4270 ideo
569 4207 782 4271 Clichtoveus
805 4231 821 4269 a
842 4207 994 4294 pluribus
1022 4206 1162 4271 Malleus
1187 4209 1320 4273 Lutheri

203 4306 322 4367 merito
341 4318 474 4369 vocatus
495 4318 557 4369 est.

237 4539 262 4588 l.
284 4539 322 4587 Dc
336 4536 442 4589 scholis
457 4534 658 4589 celebrioribus
674 4536 812 4597 Launoius‚
831 4540 890 4591 435.
900 4536 1315 4609 LutheroresponditHangestus,

201 4609 239 4660 De
254 4606 426 4669 Academiis,
443 4627 497 4678 cap.
517 4610 540 4659 4.
557 4609 597 4660 Dc
613 4610 660 4660 hoc
674 4610 764 4678 capito,
781 4611 813 4660 cl.
831 4609 1003 4679 D'Argentrc,
1020 4609 1054 4661 Il.
