3074 5422
770 401 928 462 ..44-

290 560 410 624 copum
439 535 642 614 Rollensem,
671 536 705 600 in
732 536 891 602 lodooum
917 535 1156 614 Clichtoveum,
1182 535 1214 599 in
1246 538 1273 600 J.
1302 535 1411 599 Coch-

290 634 412 713 loeum,
431 635 582 726 elingues
598 646 686 712 sunt,
701 634 733 697 in
749 636 921 697 Erasmum
933 633 1033 697 bilem
1045 657 1176 696 omnem
1188 631 1366 697 effundunt
1379 659 1409 697 n.

535 1026 678 1094 capua
704 1026 918 1109 Quaarun
944 1027 1163 1092 uncrnun.

291 1249 506 1290 CLlCHTOVEUS
527 1249 662 1288 CARNOTI
683 1248 721 1287 BT
737 1248 768 1287 ΙΝ
784 1247 933 1287 concino
950 1246 1124 1287 SRNONENSI
1144 1246 1411 1287 conruovssnslnu

576 1346 795 1398 PROSEQUITUR
815 1345 1121 1386 ANTILUTHERANAM.

771 1490 929 1552 (raas-1528)

335 1717 518 1782 Ludovicus
540 1716 730 1780 Guillardus
752 1715 945 1779 solemniter
966 1715 1137 1803 ingressus
1158 1727 1208 1778 est
1229 1716 1411 1778 Carnotum

291 1817 323 1879 2²
342 1815 418 1902 julii
440 1817 522 1879 1525
537 1813 556 1876 ¹.
583 1814 793 1878 Cliohtoveus
816 1838 893 1876 vero
918 1813 1055 1877 Carnoti
1084 1837 1150 1876 non
1169 1813 1258 1876 visus
1274 1825 1325 1876 est
1346 1812 1411 1876 nisi

291 1914 322 1976 8²
342 1912 417 1977 maii
440 1915 536 1990 1526,
557 1936 621 2000 quo
643 1912 695 1975 die
713 1936 807 1975 suum
824 1913 1113 1999 Propuguoculrun
1134 1911 1293 1998 episcopo
1314 1910 1411 1974 dedi-

290 2012 386 2077 cavit.
419 2011 469 2074 lbi
504 2011 613 2074 forsan
643 2009 750 2073 adhuc
777 2009 931 2097 degebat,
966 2033 1040 2073 cum
1070 2008 1176 2096 prima
1208 2008 1364 2096 Synodus
1395 2033 1412 2072 a

290 2108 463 2173 Guillardo
477 2109 510 2171 in
527 2132 639 2172 mense
655 2107 783 2170 octobri
798 2107 859 2171 suit
874 2106 998 2171 habita.
1019 2106 1183 2170 Lutetiam
1198 2106 1298 2170 rediit
1314 2130 1411 2170 causa

290 2206 411 2270 edendi
435 2206 580 2269 secundo
600 2207 877 2268 Introductorc'um
905 2209 1156 2284 astronomicou,
1180 2217 1212 2267 et
1235 2216 1412 2267 tractatum

291 2304 331 2368 de
347 2305 563 2368 Sacramenta
578 2304 810 2367 Eucharistiae
829 2303 916 2390 typis
938 2301 1128 2366 mandandi.
1153 2301 1271 2366 Statim
1292 2326 1329 2365 ac
1350 2302 1412 2365 iste

290 2401 415 2490 publici
434 2401 537 2465 factus
554 2414 604 2464 est
618 2401 713 2488 juris,
732 2402 763 2464 9²
784 2401 897 2464 martis
920 2401 1017 2478 1527,
1041 2402 1221 2464 Carnotum
1237 2423 1413 2491 regressus

291 2511 351 2577 est,
377 2524 530 2587 moxque,
553 2499 680 2563 scilicet
706 2502 745 2562 17
764 2498 862 2585 junii,
887 2498 960 2562 loco
981 2498 1118 2586 Georgii
1140 2497 1332 2562 Cheminart
1353 2497 1413 2561 de-

291 2597 407 2675 functi,
431 2597 608 2661 eanonicus
624 2597 832 2660 renuntiatus
849 2609 908 2660 est.

334 2697 402 2760 Neo
430 2694 463 2757 in
494 2694 639 2758 dioecesi
664 2695 860 2758 Carnotensi
889 2697 956 2781 jam
986 2695 1124 2758 deerant
1151 2693 1411 2758 Reformationis

291 2804 484 2869 sectatores,
507 2792 629 2880 quibus
649 2791 885 2883 impugnandis
908 2792 1118 2858 Clicbtoveus
1142 2815 1214 2854 curn
1237 2791 1413 2856 Guillardo

290 2902 431 2954 vacaret.
451 2893 586 2954 Praeter
597 2890 800 2999 Clemergtem
817 2892 925 2953 Marot
940 2890 1009 2978 qui,
1024 2890 1101 2953 dum
1117 2889 1282 2953 transibat
1298 2889 1414 2954 civita-

290 3002 369 3064 tem,
389 2989 598 3076 abepiscopo
613 2987 673 3051 luit
685 2988 718 3050 in
730 3011 895 3051 carcerem
909 2988 1075 3066 detrusus,
1092 2987 1251 3079 singulari
1268 2986 1413 3074 quodam

292 3110 368 3149 casu
399 3085 531 3163 accidit,
562 3098 596 3148 ut
628 3085 699 3171 ipse
728 3086 835 3148 Faber
867 3084 1089 3176 Argentorato
1119 3083 1302 3161 reversus²,
1335 3109 1411 3148 cum

292 3183 359 3247 suis
389 3183 562 3270 discipulis
585 3184 619 3246 in
640 3182 775 3246 castello
797 3183 959 3259 Blesensi,
983 3183 1071 3270 quod
1092 3196 1172 3246 tuno
1193 3195 1262 3246 erat
1284 3183 1412 3246 Carno-

290 3282 394 3345 tensis
418 3281 592 3358 dioecesis,
617 3302 634 3343 a
660 3280 838 3371 Margarita
863 3283 1026 3346 Navarrae
1049 3280 1109 3343 suit
1132 3293 1297 3368 receptus.
1324 3283 1415 3345 Haec

291 3379 380 3442 enim
407 3379 495 3468 regis
520 3402 623 3453 soror,
655 3391 769 3464 utpote
797 3378 980 3441 litterarum
1011 3377 1170 3455 studiosa,
1197 3377 1413 3466 mysticarum

291 3476 530 3540 sententiarum
552 3475 692 3553 curiosa,
714 3489 783 3539 tum
804 3475 907 3539 libros
934 3476 1102 3565 eleganter
1118 3475 1272 3563 scriptos,
1297 3475 1413 3538 Arios-

291 3588 360 3638 tum
378 3573 525 3661 quidem,
546 3573 754 3650 Boccaoium,
778 3575 977 3651 Petrarcam,
1000 3573 1143 3662 legebat,
1161 3586 1230 3636 tum
1252 3574 1413 3660 quasdam

292 3672 332 3735 ad
359 3696 472 3734 eorum
501 3671 605 3734 instar
630 3671 837 3734 narrationes
868 3673 1100 3759 componebat,
1129 3683 1200 3735 tum
1226 3670 1413 3760 singulares

292 3770 370 3834 licet
382 3769 453 3856 pias
471 3793 544 3832 cum
558 3769 759 3832 Briconneto
770 3770 981 3856 permutabat
994 3769 1164 3856 epistolas,
1179 3782 1250 3832 tum
1266 3767 1413 3856 denique

292 3867 413 3930 multos
435 3867 636 3930 convocabat
655 3867 754 3945 viros,
777 3867 954 3954 cujuslibet
970 3867 1155 3958 religionis,
1179 3867 1236 3930 sed
1255 3866 1413 3930 scientia-

291 3989 363 4028 rum
380 3976 413 4027 et
426 3965 607 4028 novitatum
628 3978 802 4027 amatores.
822 3964 1056 4028 Adhaerebant
1071 3978 1151 4028 tunc
1166 3964 1243 4052 ipsi,
1266 3988 1305 4027 ex
1325 3963 1414 4027 litte-

291 4062 383 4140 ratis,
412 4062 566 4126 Clemens
590 4064 707 4138 Marot,
733 4065 963 4125 Bouaventura
989 4063 1197 4150 Desperiers,
1227 4062 1261 4125 S.
1286 4061 1411 4140 Gelais,

292 4161 332 4224 G.
357 4161 439 4247 Cop,
458 4160 547 4251 regis
563 4160 722 4238 medicus,
746 4159 941 4248 Calvinique
963 4160 1091 4225 saturus
1107 4160 1244 4239 amicus,
1264 4183 1301 4222 ex
1318 4158 1413 4222 theo·

327 4419 352 4470 l.
375 4416 496 4476 Souchet‚
511 4417 558 4476 Ill,
576 4421 637 4471 528.

327 4490 351 4540 2.
376 4487 497 4545 Souchet‚
515 4490 576 4550 518,
599 4492 660 4548 530,
681 4490 751 4542 533:
774 4489 814 4542 Dc
833 4489 967 4542 Clemente
983 4491 1076 4552 Marot,
1096 4490 1153 4541 vide
1172 4490 1286 4560 Fisquct,
1307 4494 1413 4546 Frauce

292 4567 382 4631 pont,
399 4559 530 4611 Chartres.
