3074 5422
691 405 850 467 ..37-

213 543 308 608 dedit
337 568 489 607 nummos
514 566 632 605 aureos
662 541 801 631 triginta
832 552 866 603 nt
891 539 931 603 ad
966 564 1036 603 eam
1068 539 1270 629 pingendam
1300 556 1332 606 ct

202 643 423 706 inaurandam
438 641 696 704 insumerentur.
721 637 844 702 Eodem
862 637 927 715 die,
953 637 1179 715 Clichtoveus,
1198 639 1243 701 ait
1257 642 1331 702 Las·

203 765 332 818 sereus,
350 738 482 827 collegii
499 738 663 826 provisor,
681 737 714 799 in
731 761 789 800 suo
805 735 931 812 Diario,
949 735 1120 799 consensit
1141 748 1175 798 ut
1190 737 1331 823 pecunia

203 863 307 926 quam
329 837 466 902 dederat
486 835 526 899 ad
550 835 746 924 paviendam
767 834 948 898 Ecclesiam
969 833 1003 896 in
1024 833 1137 897 altaris
1158 857 1270 897 mensa
1292 858 1332 897 ex

206 936 302 1026 ligno
332 935 483 1000 Bataviae
516 932 666 997 conlecto
698 933 754 996 ubi
788 933 974 995 eminenter
1010 931 1170 1019 quaedam
1204 931 1329 1021 figurae

206 1058 371 1121 personae
393 1033 493 1123 vulgo
515 1031 623 1094 dictae
644 1044 676 1095 et
696 1030 863 1095 dominica
892 1030 1002 1117 passio
1022 1042 1328 1116 repraesentantur,

206 1134 390 1199 inauranda
418 1133 649 1197 collocaretur.
682 1131 808 1194 Eodem
836 1129 969 1217 quoque
997 1143 1161 1217 tempore,
1188 1130 1330 1220 collegio

206 1232 301 1297 dedit
330 1256 489 1295 summam
518 1231 580 1294 114
608 1230 666 1293 lib.
706 1231 744 1292 10
781 1228 841 1292 sol.
876 1227 916 1291 ad
947 1228 1165 1316 reparandam
1197 1229 1329 1291 tertiam

206 1330 325 1394 domus
346 1354 508 1394 cameram
529 1353 627 1416 quam
643 1328 683 1391 ad
699 1328 798 1391 vitam
813 1327 994 1390 locaverat:
1013 1353 1029 1387 «
1052 1326 1155 1403 illam,
1180 1326 1331 1413 quoties-

206 1453 352 1517 cumque
366 1427 518 1506 voluerit,
532 1426 655 1513 poterit
671 1426 835 1504 habitare,
855 1425 900 1488 ait
916 1426 1111 1502 lrassereus3
1134 1424 1168 1486 in
1182 1424 1329 1487 absentia

205 1539 317 1591 autem
345 1527 447 1604 illius,
478 1525 638 1616 Magister
670 1537 701 1587 et
730 1523 882 1612 provisor
910 1523 989 1586 dicti
1016 1521 1149 1611 collegii
1173 1535 1331 1609 poterunt

206 1625 316 1688 locare
332 1623 455 1688 dictam
475 1647 637 1687 cameram
658 1648 675 1682 »
760 1621 845 1685 sicut
864 1621 905 1684 de
922 1621 1008 1685 facto
1024 1621 1216 1685 locaverunt
1237 1622 1327 1711 Mag.

207 1720 351 1786 10110001
371 1721 521 1799 Veillart,
539 1719 798 1808 presbyter01...

253 1822 290 1884 ln
334 1821 396 1883 1100
435 1819 577 1909 collegio
616 1818 758 1882 confecit
787 1842 869 1905 opus
902 1819 951 1881 De
984 1819 1135 1881 doctrino
1165 1820 1332 1884 moriendi

207 1910 252 1994 (2³
277 1917 509 2004 01011101511)
542 1941 603 2004 pro
632 1916 752 1979 comite
779 1920 905 1980 loanne
927 1915 966 1978 de
992 1915 1176 1979 Gallinario
1198 1918 1324 1997 Monte,

209 2041 307 2104 quem
322 2040 384 2102 ope
400 2015 552 2078 Andreae
570 2015 785 2082 Westhuseni
801 2015 905 2101 ipsius
922 2014 1147 2101 praeceptoris
1159 2015 1328 2103 Fabrique

210 2114 306 2177 amici
327 2125 537 2203 cognoverat.
558 2112 701 2199 Scripsit
721 2110 829 2177 adhuc
849 2124 983 2199 petente
1001 2111 1175 2176 Guillardo
1195 2114 1329 2177 Brevia-

209 2212 293 2275 rium
310 2210 478 2299 quoddam
507 2210 657 2274 manuale
675 2212 840 2274 Historiae
859 2234 987 2286 sacrae,
1006 2209 1095 2298 quod
1112 2210 1273 2274 ineditum
1295 2212 1329 2275 in

211 2309 334 2374 Codice
351 2309 438 2373 Bibl.
457 2321 539 2384 nat,
559 2308 580 2371 1.
592 2308 612 2371 l.
638 2309 713 2386 525,
729 2308 794 2371 huc
809 2332 913 2396 usque
932 2308 1127 2394 permansit.

250 2406 302 2470 Ab
318 2408 381 2470 hoc
400 2430 485 2469 0000
504 2407 600 2482 1520,
620 2406 832 2470 Clichtoveus
848 2407 1011 2469 omninoa
1026 2408 1135 2470 Fabro
1152 2421 1325 2495 separatus

209 2518 268 2571 est.
293 2506 400 2569 Faber
423 2504 510 2568 enim
533 2518 569 2568 ut
588 2505 759 2569 Serbonae
787 2505 892 2568 minas
915 2505 1056 2595 fugeret,
1085 2505 1325 2570 Briconnetum

209 2627 281 2667 cum
303 2602 401 2666 sociis
422 2602 520 2680 Rufo,
538 2602 681 2679 Farello,
699 2603 838 2666 Vatablo
853 2603 1018 2688 (Roussel,
1036 2602 1143 2681 Farel,
1161 2603 1323 2690 Vatable),

208 2701 358 2771 Meldim,
383 2714 523 2764 exeunte
546 2701 746 2777 00001520,
771 2713 904 2765 0000100
927 2714 987 2764 est.
1016 2701 1227 2765 Clichtoveus
1247 2726 1325 2766 vero

208 2799 294 2886 apud
309 2801 486 2863 Navarram
500 2823 572 2862 cum
585 2798 758 2863 Guillardo
774 2812 994 2862 commoratus
1011 2811 1071 2877 001,
1086 2812 1118 2862 01
1129 2799 1327 2887 perterritus

206 2910 275 2960 tum
303 2897 395 2960 novis
428 2896 564 2960 Lutheri
594 2896 940 2972 condemnationibus,
968 2910 1037 2960 tum
1068 2897 1165 2960 etiam
1189 2897 1326 2983 judiciis

209 3007 321 3058 contra
338 2996 479 3058 Fabrum
496 3019 513 3058 a
533 2994 735 3058 Doctoribus
754 2993 976 3081 proferendis,
998 3008 1067 3058 tum
1087 2995 1169 3082 ipsis
1190 3019 1267 3086 erga
1293 3020 1327 3058 00

208 3092 526 3183 impugnationibus,
559 3094 749 3156 societatem
776 3117 849 3155 cum
878 3093 1121 3157 Parisiensibus
1147 3093 1327 3181 Theologis

210 3215 321 3254 rursus
338 3190 443 3268 inivit,
462 3203 495 3253 01
510 3192 729 3255 Lutheranam
750 3191 934 3255 doctrinam
956 3193 1113 3280 prosequi
1135 3191 1255 3278 coepit.

531 3584 672 3652 CAPUT
697 3587 1011 3651 DUODECIMUM.

268 3807 487 3847 cctcflrovltus
512 3807 707 3847 SENTENTIAE
733 3808 858 3847 CONTRA
882 3807 1054 3847 LUTHERUM
1080 3809 1099 3848 Α
1124 3809 1268 3849 SORBONA

481 3906 640 3945 PROLATAE
662 3906 802 3945 STRENUE
829 3906 1045 3946 COLLABORAT.

639 4050 690 4111 (15Ι
705 4050 798 4112 aprilis
814 4051 885 4112 1521)

252 4277 322 4337 lam
342 4285 421 4336 tunc
441 4273 475 4336 in
497 4286 567 4338 toto
585 4275 665 4337 orbe
686 4275 850 4339 catholico
875 4277 1106 4364 perstrepebat
1133 4301 1250 4368 magna
1283 4276 1324 4341 de

212 4371 353 4435 Luthero
374 4372 620 4435 controversia:
644 4397 726 4460 quae
748 4387 893 4437 caeteras
916 4374 1053 4438 minoris
1074 4376 1233 4438 momenti
1255 4374 1323 4438 dis-

248 4602 269 4651 1.
293 4599 330 4652 Ex
346 4599 743 4673 compulozbassercilb'avarrae
756 4601 902 4672 provisoris,
921 4604 998 4661 1521,
1015 4602 1041 4652 10
1057 4601 1182 4656 Launoio.

660 4732 666 4765 Ι
