3074 5422
348 22 657 104 Pitoenllllll
691 21 974 105 LECTlttltm„
1008 93 1024 103 ,

406 245 480 289 DUM
506 244 591 288 ERAT
616 243 762 288 CARNO‘l'l
789 243 985 289 CANONICUS
1010 245 1252 290 THEOLOGALIS

264 753 320 823 lpse
337 751 502 804 Clichtoveus
520 749 657 801 delineavit
679 751 727 801 hoc
747 768 909 820 programma
929 750 956 800 in
976 750 1089 820 quodam
1112 750 1179 802 libro
1198 751 1267 807 Bihl.
1288 752 1383 807 Mam.

318 844 349 884 n⁰
362 834 459 892 35980,
476 831 517 882 cui
532 830 635 882 titulus:
655 830 784 900 Ludolphi
798 830 997 891 carthusiensis,
1015 831 1146 902 Expositio
1158 832 1185 883 in
1200 831 1327 886 Psalmes.

303 1003 394 1061 Anno
407 1002 492 1072 1528,
509 1001 543 1057 17
553 998 704 1080 Aupnsti,
718 999 818 1079 incepi
832 999 1056 1079 expositionem
1067 998 1228 1076 Psalterii,
1243 1000 1384 1075 Carnoti,

266 1091 296 1150 in
311 1091 407 1150 choro
424 1087 590 1161 Ecclesiae,
608 1095 679 1168 post
694 1089 871 1157 matutinae,
887 1089 1059 1148 secundum
1068 1110 1185 1149 morem
1197 1089 1239 1148 ibi
1256 1111 1388 1151 consue·

265 1187 330 1239 tum
347 1180 377 1238 in
398 1178 582 1238 lectionibus
598 1177 771 1249 ordinariiS,
790 1177 855 1236 fieri
871 1179 1027 1237 consuetis
1043 1199 1098 1258 per
1115 1199 1185 1238 eum
1201 1180 1388 1240 canonicum

264 1269 318 1349 qui
336 1267 429 1328 babet
445 1266 632 1347 prebendam
649 1266 856 1344 theologalem
871 1266 953 1326 illius
969 1267 1136 1327 Ecclesiae.

305 1358 344 1416 Et
371 1357 457 1414 finivi
486 1355 625 1415 eamdem
651 1355 748 1415 totius
777 1355 917 1415 Psalterii
943 1375 999 1435 per
1026 1356 1166 1416 ordinem
1195 1357 1387 1437 psalmorum

263 1446 486 1527 expositionem
502 1465 582 1504 anno
600 1444 673 1504 1533
693 1443 803 1504 ultima
818 1443 869 1504 dic
884 1443 1021 1526 Aprilis.

302 1564 393 1621 Anno
413 1560 497 1634 1532,
520 1561 554 1618 19
566 1559 656 1641 junii
670 1581 729 1640 que
745 1559 857 1619 lestum
879 1566 925 1618 est
940 1561 995 1619 SS.
1012 1560 1153 1620 Gervasii
1169 1567 1201 1621 et
1215 1560 1383 1637 Prothasii,

262 1658 333 1732 post
346 1651 519 1731 expositum
541 1648 692 1729 psalmum
718 1649 791 1709 130:
817 1648 950 1709 Domine
976 1671 1036 1708 non
1060 1657 1107 1710 cst
1132 1649 1307 1711 exaltatum.
1331 1673 1385 1712 cor

262 1761 376 1816 mcum,
394 1738 577 1798 denunciavi
589 1738 743 1797 auditorio
757 1737 1021 1797 intermittendam
1038 1760 1104 1798 esse
1119 1738 1202 1798 illam
1216 1738 1383 1801 lectionem

262 1829 450 1909 psalmorum
467 1828 504 1887 ad
520 1834 653 1908 tempus,
672 1827 712 1886 ob
727 1825 899 1907 periculum
916 1827 1011 1908 pestis
1031 1828 1061 1886 in
1078 1827 1214 1889 Carnoto
1229 1836 1296 1888 tum
1314 1851 1384 1909 gra-

261 1918 342 1979 viter
356 1917 582 1977 invalescentis
605 1917 642 1976 Et
664 1916 809 1995 deinceps
825 1914 958 1975 abstinui
978 1915 1016 1976 ab
1037 1937 1072 1976 ea
1091 1915 1225 1976 lectione
1245 1918 1385 1978 iacienda

262 2028 359 2088 usque
374 2005 416 2067 ad
426 2005 566 2087 primam
581 2003 768 2081 decembris,
787 2004 837 2063 ubi
855 2005 994 2064 eamdem
1013 2026 1137 2064 rursum
1160 2005 1261 2086 incepi
1280 2013 1314 2066 et
1333 2007 1387 2067 de-

261 2095 335 2156 duxi
354 2094 503 2175 usquead
524 2095 614 2153 finem
637 2094 733 2154 totius
759 2092 900 2152 Psalterii
921 2114 1012 2173 quem
1032 2095 1122 2173 attigi
1140 2094 1251 2154 ultima
1267 2096 1387 2178 aprilis

264 2185 336 2244 anni
354 2184 440 2245 1533.

301 2303 392 2360 Anno
418 2300 504 2371 1533,
521 2297 659 2358 secunda
676 2296 727 2358 die
745 2298 834 2376 Maii,
854 2299 954 2380 incepi
970 2299 1208 2381 expositionem,
1226 2299 1256 2358 in
1276 2298 1387 2362 lectio-

263 2391 352 2450 nibus
367 2388 516 2470 predictis
527 2387 700 2459 ordinariis,
714 2386 877 2448 duodecim
890 2387 1387 2450 Canticorumecclesiastieorum

261 2500 321 2559 que
336 2478 417 2538 ultra
433 2477 565 2558 psalmos
576 2476 712 2557 psalterii
729 2477 864 2537 citantur
879 2478 909 2536 in
920 2477 1022 2537 officio
1038 2477 1193 2537 Ecclesiae
1208 2478 1239 2536 in
1254 2478 1385 2539 modum

264 2576 295 2628 et
309 2566 478 2628 secundum
495 2573 602 2626 tonum
620 2565 819 2646 psalmorum.

302 2658 341 2716 Et
355 2656 441 2714 finivi
456 2676 522 2715 eam
538 2654 646 2714 eodem
666 2676 757 2727 anno,
780 2661 894 2737 quarta
912 2654 1084 2736 februarii.
1108 2655 1162 2715 Illa
1183 2656 1242 2715 XII
1262 2657 1385 2717 cantica

263 2746 416 2805 habentur
440 2766 495 2825 per
518 2743 658 2803 ordinem
683 2743 882 2824 dispositam
904 2744 1040 2804 secundo
1064 2744 1143 2804 libro
1168 2744 1388 2806 Elucidatorii

262 2833 476 2895 ecclesiastici.

302 2953 393 3010 Anno
423 2949 509 3021 1533,
536 2957 624 3009 rectu
649 2947 699 3009 die
722 2948 895 3030 februarii,
912 2949 1024 3030 incepi,
1052 2949 1081 3007 in
1105 2947 1293 3010 lectionibus
1308 2951 1391 3011 meis

261 3041 392 3121 publicis
418 3047 449 3098 et
474 3039 648 3111 ordinariis,
678 3039 902 3118 expositionem
927 3037 1098 3120 Evanpelii
1119 3037 1292 3099 secundum
1320 3041 1396 3101 Ma-

263 3131 380 3205 tlteum,
398 3149 453 3209 per
468 3128 607 3188 ordinem
624 3128 759 3209 capitum
775 3135 806 3187 et
821 3128 1012 3208 insequendo
1029 3128 1137 3187 seriem
1154 3135 1271 3188 textus.

303 3220 341 3278 Et
355 3218 441 3277 finivi
456 3217 595 3276 eamdem
616 3217 862 3298 explanationem
882 3215 1003 3276 decima
1024 3214 1075 3277 die
1095 3216 1173 3277 maii
1191 3239 1273 3277 anno
1293 3218 1393 3279 trice-

261 3310 339 3368 simo
355 3308 463 3388 quinto
479 3328 571 3387 supra
587 3306 783 3365 millesimum
800 3314 830 3366 et
846 3306 1127 3386 quingentesimum
1145 3306 1261 3388 (1535).

301 3426 392 3483 Anno
408 3423 532 3482 Domini
550 3423 634 3495 1535,
653 3420 838 3482 duodecima
854 3420 905 3482 die
920 3421 1008 3500 Maii,
1025 3422 1126 3502 incepi
1142 3423 1172 3480 in
1193 3422 1384 3484 lectionibus

262 3514 337 3574 meis
361 3512 508 3597 predictis
528 3519 558 3571 et
583 3511 744 3571 ordinariis
769 3533 804 3570 ac
827 3510 935 3585 solitis,
960 3511 1190 3593 expositionem·
1208 3509 1384 3597 Evanqelii
