3074 5422
353 589 410 653 His
435 589 469 653 in
497 589 654 676 operibus
678 587 890 653 Clichtoveus
915 590 1038 653 abusus
1067 590 1202 677 quidem
1224 590 1324 654 vitam
1348 591 1427 656 reli-

284 689 434 776 giosam
452 686 621 750 foedantes
637 685 804 776 designat,
832 686 1045 774 ipsorumque
1069 687 1348 767 emendationem,
1371 714 1431 777 per

308 785 514 849 hierarchiae
543 784 801 874 regularumque
833 785 1122 863 restaurationem,
1150 785 1345 850 nullomodo
1372 812 1431 875 per

307 884 442 946 totalem
464 883 746 970 suppressionem,
771 883 913 946 invocat.
935 883 1152 973 Evangelicae
1176 883 1272 947 simul
1300 886 1431 971 perfec-

306 981 409 1045 tionis
429 979 536 1044 ideam
558 979 704 1068 perfecte
726 979 883 1044 delineat.

352 1078 518 1143 Audacter
538 1079 571 1141 in
583 1080 791 1164 Panegyrico
808 1080 832 1141 S
836 1129 842 1141 .
859 1078 1003 1143 Martini
1020 1079 1187 1167 religiosis
1199 1083 1380 1168 exprobrat
1390 1082 1425 1145 in

308 1176 457 1241 ecclesiis
478 1176 655 1252 levitatem,
678 1175 745 1239 vini
771 1176 906 1239 nimiam
927 1177 1145 1263 potationem,
1169 1179 1347 1243 mulierum
1368 1180 1432 1243 fre-

308 1275 569 1363 quentationem.
587 1273 823 1338 Cluniaeenses
842 1274 888 1337 sic
904 1273 1101 1361 alloquitur:
1117 1301 1134 1336 a
1148 1277 1265 1340 Omnis
1276 1277 1433 1341 vitiorum

308 1372 432 1436 eluvies
449 1385 481 1435 ct
501 1372 632 1436 sentina
653 1371 765 1459 coepit
787 1369 1043 1436 effrenatissimo
1065 1374 1197 1464 agmine
1218 1387 1323 1438 totum
1343 1375 1433 1439 hunc

308 1469 569 1533 sacratissimum
581 1469 733 1532 ordinem
751 1468 894 1532 obruere
908 1482 1007 1557 atque
1023 1470 1264 1536 labefactare...
1288 1472 1433 1537 Ubinam

307 1592 382 1631 vera
400 1580 433 1631 et
453 1568 583 1658 integra
605 1567 637 1630 in
659 1566 821 1655 religione
838 1567 1000 1631 castitas?
1021 1569 1077 1632 ubi
1091 1569 1211 1633 mentis
1228 1583 1260 1633 et
1280 1570 1433 1658 corporis

308 1665 460 1753 puritas?
480 1665 695 1728 Potissimum
712 1664 799 1751 apud
820 1665 947 1752 eosqui
965 1667 1148 1730 nonsolum
1164 1691 1309 1755 corpore
1324 1668 1384 1732 sed
1401 1681 1433 1732 et

308 1764 418 1827 animo
436 1764 470 1826 in
486 1762 618 1826 sacculo
633 1775 820 1839 versantur,
839 1763 954 1826 obvios
967 1764 1092 1828 habent
1107 1764 1239 1828 assidue
1253 1765 1433 1830 mulierum

308 1874 473 1949 aspectuS,
484 1860 537 1949 (de
552 1860 769 1924 irreformatis
780 1859 922 1947 loquor).
933 1887 949 1921 a
962 1861 1093 1925 Eisdem
1106 1864 1310 1950 paupertatis
1323 1864 1432 1928 cousi·

308 1959 389 2022 lium
406 1983 563 2022 revocans
579 1984 585 2021 z
609 1986 626 2020 «
642 1958 893 2036 'l'hezaurizant,
908 1959 1078 2037 exclamat,
1103 1987 1119 2021 a
1135 1973 1167 2024 et
1183 1961 1277 2049 quasi
1298 1975 1432 2049 raptum

309 2058 512 2145 pauperibus
528 2056 618 2143 quod
637 2056 701 2119 sibi
716 2069 847 2119 servant
864 2057 911 2119 eis
923 2058 1112 2143 exprobrat.
1132 2059 1329 2122 Carmelitas
1349 2059 1433 2123 item

311 2168 424 2218 monet
440 2179 480 2217 ne
492 2154 636 2217 candore
651 2155 752 2217 vestis
770 2166 802 2218 et
818 2154 1029 2241 antiquorum
1039 2155 1177 2220 scientia
1189 2156 1255 2220 sint
1266 2158 1431 2234 contenti,

310 2252 530 2340 exemploque
541 2254 701 2339 majorum
714 2279 731 2313 a
742 2276 859 2341 graves
874 2252 987 2340 lapsus
998 2267 1031 2317 et
1047 2277 1174 2317 morum
1186 2254 1433 2319 enormitates»

312 2349 488 2415 emendare
509 2350 673 2414 obsecrat.

355 2451 424 2514 Nec
451 2461 563 2512 tamen
585 2447 797 2512 Clichtoveus
817 2472 870 2512 res
889 2449 1028 2513 veritate
1050 2452 1182 2537 pejores
1201 2449 1319 2540 fingit,
1349 2451 1433 2539 quin

311 2547 410 2611 etiam
431 2546 582 2638 agnoscit
598 2546 719 2609 multos
736 2570 775 2609 ex
794 2545 981 2610 reformatis
1002 2549 1071 2634 jam
1092 2547 1239 2612 sanctius
1254 2548 1377 2627 vivere,
1401 2561 1434 2612 et

312 2644 473 2732 quosdam
500 2645 643 2731 priores,
669 2669 699 2707 v.
722 2667 755 2732 g.
779 2643 1045 2724 Cluniaeensem,
1071 2645 1193 2709 multos
1211 2648 1278 2734 jam
1307 2646 1430 2710 abusus

312 2743 506 2830 extirpasse.
532 2745 596 2805 Has
608 2754 716 2804 autem
732 2741 985 2805 reformationes
998 2766 1065 2806 non
1081 2767 1153 2807 esse
1169 2743 1234 2807 nisi
1254 2743 1430 2831 particula-

312 2863 364 2904 res
385 2838 629 2916 animadvertit,
653 2863 715 2902 nec
736 2839 815 2902 satis
830 2838 938 2902 adhuc
957 2839 1125 2927 impletam
1145 2840 1322 2931 religiosae
1342 2841 1427 2906 vitae

311 2938 431 3015 ideam,
463 2961 560 3025 quam
588 2936 623 2999 in
647 2937 734 3000 libro
754 2939 802 3000 De
828 2939 926 3001 laude
955 2943 1158 3002 monasticae
1182 2939 1361 3026 religionis,
1392 2963 1428 3003 ex

314 3035 492 3124 Evangelio
503 3034 675 3098 describit.
694 3036 785 3098 Hanc
799 3035 982 3099 consistere
996 3035 1029 3098 in
1041 3035 1262 3126 abnegatione
1277 3037 1426 3125 propria,

311 3133 484 3221 totalique,
504 3157 563 3220 per
578 3132 845 3195 observationem
857 3133 958 3196 trium
974 3133 1201 3212 consiliorum,
1220 3136 1291 3197 Deo
1308 3135 1428 3199 adhae-

310 3232 403 3296 sione
419 3229 577 3294 affirmat:
604 3230 674 3294 vult
701 3229 851 3294 eamdem
872 3231 1017 3294 obtineri
1037 3244 1108 3295 tum
1129 3231 1320 3296 omnimoda
1347 3256 1428 3320 pau-

308 3342 448 3418 pertate,
479 3353 520 3392 ne
548 3328 684 3391 minimo
713 3327 848 3416 quidem
870 3328 1033 3416 permisso
1063 3329 1207 3417 peculio,
1235 3342 1305 3393 tum
1330 3331 1428 3396 etiam

310 3427 496 3491 studiorum
529 3426 615 3493 zelo.
657 3428 880 3513 Quapropter,
921 3427 1119 3514 quibusdam
1152 3428 1428 3493 monasteriorum

310 3523 585 3589 reformatoribus
608 3523 812 3600 adversatur,
840 3523 897 3610 qui
919 3524 1026 3587 studia
1042 3537 1157 3612 utpote
1177 3524 1262 3588 vitae
1283 3525 1428 3615 regulari

310 3622 489 3702 contraria,
512 3622 580 3685 fere
601 3620 869 3708 proscribebant,
889 3621 1128 3709 propositoque
1145 3624 1291 3701 Patrum,
1310 3622 1428 3712 Orige-

309 3723 373 3799 nis,
393 3719 562 3807 Cypriani,
586 3719 796 3795 'l'ertulliani,
815 3719 1021 3807 Hieronymi,
1042 3719 1177 3806 Sulpitii
1191 3721 1305 3785 Severi
1317 3745 1427 3785 exem·

310 3819 377 3906 plo,
397 3817 572 3906 quamdam
590 3816 719 3879 utilium
737 3816 907 3879 monachis
924 3816 1086 3880 librorum
1103 3817 1221 3881 seriem
1239 3817 1376 3898 indicat,
1394 3820 1428 3882 in

308 3942 372 4005 qua
388 3914 566 4003 Augustini
581 3916 826 3992 MeditationeS,
842 3914 1079 4002 Confessiones,
1098 3916 1326 3996 Enchirr'dr'oa,
1346 3919 1428 3980 Ber-

309 4014 405 4078 nardi
420 4037 552 4102 quoque
574 4025 606 4076 et
630 4011 816 4099 Raymundi
837 4012 936 4075 Lollii
957 4036 1069 4099 opera,
1093 4015 1344 4077 Bonaventurae
1365 4016 1427 4079 Sa·-

310 4115 405 4178 milus
428 4124 460 4175 et
481 4114 706 4185 hincmarum,
731 4109 891 4174 Gersonis
912 4109 1001 4189 libri,
1022 4110 1207 4175 Heraclidis
1226 4112 1444 4190 Paradeisos,-

308 4211 458 4276 Cassiani
477 4211 675 4272 Callatianes
696 4207 925 4295 designantur.

355 4307 580 4373 Saecularium
596 4318 705 4369 autem
722 4306 993 4392 presbyterorum
1009 4305 1251 4388 reformationi,
1269 4330 1336 4369 non
1352 4320 1427 4371 tan·

306 4421 377 4471 tum
391 4405 608 4470 concionibus
624 4402 793 4466 sedetiam
810 4403 943 4489 scriptis
955 4402 1127 4467 laboravit.
1142 4405 1179 4466 In
1197 4403 1333 4493 synodis
1350 4404 1425 4492 qui-

306 4505 381 4569 dem
402 4505 505 4567 nimio
525 4502 593 4566 fere
610 4500 682 4564 zelo
703 4499 932 4564 sacerdotibus
959 4501 1061 4564 multa
1079 4501 1321 4588 exprobrabat:
1348 4501 1424 4566 illos

306 4603 433 4669 scilieet
460 4625 534 4664 suas
559 4624 635 4663 oves
655 4598 808 4678 tondere,
834 4598 898 4661 otia
927 4597 1013 4661 ludis
1034 4598 1240 4685 impendere,
1263 4597 1422 4690 intempe-
