3074 5422
686 424 865 485 —ll7-

216 560 350 619 debuero
371 559 448 618 illud
463 559 583 636 integre
599 559 657 637 ipsi
674 558 810 639 persolvi
826 559 909 619 volo.
928 560 1057 639 Insuper
1073 580 1111 618 ex
1125 581 1227 640 panno
1243 561 1331 638 nigro

214 670 292 708 novo
308 648 419 708 ordino
434 669 489 728 per
504 668 588 706 meos
607 654 788 706 executores
808 647 908 706 eidem
929 648 1044 708 famulo
1064 669 1133 707 meo
1149 649 1331 708 tradendam

213 759 276 797 esse
292 758 383 797 unam
400 737 535 796 tunicam
551 736 713 813 lugubrem
726 743 758 795 et
767 737 914 816 capitium
927 737 1060 816 nigrum,
1079 737 1154 796 meis
1169 737 1328 817 impensis

213 835 246 886 ut
265 848 301 886 eo
326 826 432 885 habitu
453 826 580 884 indutus
596 825 762 884 comitetur
780 846 881 884 meum
900 826 991 885 sunus
1007 833 1038 886 et
1053 826 1177 885 intersit
1192 826 1331 906 exequiis

212 924 242 976 et
256 915 415 996 sepulture
432 915 490 974 mei
506 915 657 994 corporis.
675 948 712 959 -
728 915 825 973 Servo
837 915 928 973 etiam
940 915 1098 976 communi
1110 915 1283 975 domestico
1300 922 1332 974 et

211 1006 262 1087 qui
284 1005 381 1064 totius
410 1004 519 1063 domus
544 1004 715 1063 claudendo
743 1004 970 1084 aperiendoque
1000 1026 1105 1065 curam
1133 1005 1213 1082 gerit
1238 1012 1331 1086 atque

211 1102 311 1154 totum
334 1093 539 1153 ministerium
565 1093 608 1151 rei
628 1093 797 1152 domestice
819 1101 944 1153 exercet
963 1093 1001 1173 (si
1022 1094 1091 1174 quis
1115 1094 1185 1153 talis
1210 1093 1327 1175 luerit),

210 1185 339 1263 designo
365 1183 467 1255 etiam,
495 1203 551 1262 pro
575 1202 702 1241 munere
730 1182 875 1259 gratuito
901 1182 1017 1242 dandas
1044 1205 1110 1243 esse
1137 1182 1213 1242 duas
1237 1183 1330 1243 libras

210 1280 404 1344 turonenses
431 1278 578 1351 expetens
599 1271 683 1351 quod
712 1270 823 1330 habeat
850 1293 866 1330 a
893 1272 969 1331 meis
993 1272 1211 1332 executoribus
1236 1273 1329 1332 etiam

211 1363 349 1422 tunicam
375 1361 495 1440 nigram
518 1380 631 1418 novam
656 1367 687 1419 et
720 1360 866 1439 capitium
896 1361 1030 1439 nigrum,
1061 1361 1211 1441 impensis
1240 1362 1327 1433 meis

209 1450 323 1533 quibus
343 1451 470 1509 indutus
490 1448 657 1508 comitetur
674 1470 776 1508 meum
793 1449 883 1509 funus
904 1471 974 1510 cum
990 1471 1081 1510 servo
1097 1471 1178 1510 meo.
1197 1482 1232 1495 —
1250 1450 1329 1510 Aliis

210 1541 302 1601 etiam
326 1547 460 1620 quatuor
484 1538 559 1597 viris
584 1538 772 1619 pauperibus
796 1546 849 1598 aut
872 1539 1121 1599 adolescentibus
1148 1546 1330 1620 comparent

210 1631 269 1690 mei
290 1636 471 1689 executores
491 1627 620 1706 singulis
643 1649 734 1687 unam
757 1629 893 1688 tunicam
921 1628 1040 1707 nigram
1061 1635 1093 1688 et
1115 1629 1262 1709 capitium
1286 1628 1330 1687 ni·

212 1741 313 1797 grum,
331 1726 365 1778 ut
380 1718 486 1777 habitu
502 1717 628 1796 lugubri
646 1738 715 1778 cum
737 1717 884 1797 predictis
903 1717 1024 1777 duobus
1044 1716 1168 1776 famulis
1185 1718 1331 1778 assistant

210 1830 280 1868 meo
300 1808 411 1880 funeri,
436 1807 641 1886 intersintque
660 1806 799 1886 exequiis
819 1814 849 1866 et
871 1807 1029 1886 sepulture
1046 1806 1125 1887 ejus.
1149 1841 1188 1853 -
1208 1807 1329 1873 Ancille

210 1919 285 1958 vero
305 1897 485 1969 domestice,
510 1917 570 1976 que
590 1895 739 1975 obsequio
755 1896 865 1955 domus
884 1917 976 1975 quam
993 1896 1172 1956 habitavero
1188 1902 1329 1976 tempore

211 2008 277 2046 mee
293 1986 402 2046 mortis
417 1985 476 2045 erit
490 1985 623 2058 addicta,
639 1985 790 2065 relinquo,
808 2007 864 2066 pro
880 1986 961 2045 dono
978 1986 1124 2064 gratuito,
1143 1986 1218 2045 duas
1234 1985 1329 2046 libras

210 2083 403 2148 turonenses,
423 2096 493 2135 cum
514 2096 573 2134 una
591 2074 629 2134 de
650 2074 789 2134 vestibus
808 2075 892 2148 meis,
913 2075 1041 2134 arbitrio
1059 2082 1261 2134 executorum
1275 2075 1329 2134 eli-

210 2165 321 2244 genda,
350 2173 381 2224 et
407 2165 432 2224 si
458 2163 614 2244 quippiam
643 2184 699 2243 pro
728 2163 839 2223 salario
866 2164 965 2223 eidem
991 2164 1128 2224 debuero
1157 2185 1226 2224 cum
1257 2164 1329 2224 hinc

208 2255 365 2315 discedam
385 2255 417 2313 id
439 2262 540 2314 totum
563 2253 662 2312 eidem
682 2254 802 2333 integre
822 2252 1029 2334 persolvatur.
1047 2254 1194 2313 Ceterum
1215 2255 1330 2335 impre-

209 2345 377 2404 sentiarum
393 2343 487 2403 nichil
503 2344 646 2423 cuiquam
663 2343 760 2402 debeo
776 2364 832 2402 nec
847 2343 980 2402 alienum
996 2344 1155 2424 quippiam
1177 2365 1243 2404 mee
1259 2365 1328 2403 cus-

208 2434 292 2494 todie
305 2429 609 2513 deputatum‘habeo
621 2468 660 2476 -
671 2432 702 2490 Si
713 2452 799 2504 vero,
810 2440 951 2512 tempore
960 2433 1064 2492 obitus
1076 2433 1147 2506 mei,
1161 2434 1326 2513 quicquam

208 2523 299 2583 alieni
314 2522 451 2582 debuero
467 2521 564 2601 (quod
586 2542 623 2580 ex
644 2521 777 2599 registro
799 2542 868 2580 meo
888 2522 1051 2602 papiraceo
1076 2529 1129 2581 aut
1149 2543 1187 2581 ex
1206 2522 1326 2601 obliga·

209 2612 292 2671 tione
308 2632 374 2670 mea
389 2632 445 2691 per
464 2609 651 2669 creditorem
671 2610 843 2670 exhibenda
865 2611 918 2670 fiet
938 2611 1079 2691 protinus
1102 2612 1323 2693 manifestum),

208 2701 280 2760 volo
295 2700 371 2759 illud
385 2700 601 2759 incunctanter
616 2706 647 2758 et
661 2699 782 2778 integre
798 2701 933 2780 persolvi
950 2722 1004 2781 per
1019 2722 1104 2760 meos
1125 2708 1340 2784 executoresp

208 2790 278 2850 etsi
303 2789 376 2870 quid
399 2789 489 2847 alieni
514 2788 608 2847 michi
627 2788 720 2847 luerit
742 2790 1004 2862 commendatum,
1027 2811 1083 2868 per
1104 2790 1228 2849 eosdem
1250 2811 1325 2849 con-

207 2879 309 2939 festim
325 2879 418 2938 etiam
434 2878 505 2937 volo
521 2877 552 2936 id
569 2877 656 2936 reddi
680 2899 735 2937 suo
751 2878 876 2938 domino
894 2900 930 2938 ac
949 2878 1088 2959 legitimo
1104 2879 1275 2960 possessori
1291 2887 1326 2939 ut

207 2969 318 3048 cuique
334 2967 481 3026 reddatur
496 2966 580 3046 quod
597 2987 685 3025 suum
704 2974 761 3027 est.

245 3058 400 3125 Quantum
421 3076 495 3114 vero
515 3056 553 3114 ad
576 3055 670 3114 libros
693 3077 777 3115 meos
796 3063 925 3137 spectat,
950 3078 1028 3136 quos
1049 3058 1133 3137 prius
1159 3078 1224 3116 esse
1249 3079 1324 3116 ven-

205 3146 322 3205 dendos
344 3166 415 3204 cum
435 3135 554 3224 reliqua
576 3145 789 3225 suppellectile
807 3167 874 3205 mea
894 3146 1046 3219 ordinavi,
1071 3146 1234 3205 nonnullas
1256 3168 1325 3225 spe-

204 3234 296 3294 ciales
311 3234 509 3314 exceptiones
524 3234 734 3293 observandas
750 3256 816 3294 esse
830 3233 902 3295 volo
918 3243 949 3293 et
964 3236 1133 3295 constituo,
1151 3235 1269 3315 Nempe
1286 3256 1324 3295 ex

204 3323 289 3382 libris
309 3323 386 3382 meis
405 3330 470 3381 arte
492 3323 688 3402 impressoria
710 3324 840 3396 excusis,
864 3324 1004 3403 relinquo
1025 3324 1213 3384 bibliothece
1228 3324 1324 3404 ipsius

205 3412 339 3492 Capituli
351 3411 549 3471 Carnotensis
561 3412 765 3490 imponendos
777 3412 872 3473 libros
884 3420 1047 3493 sequentes
1064 3421 1095 3473 et
1110 3413 1156 3472 his
1169 3413 1324 3494 inscriptis

205 3509 428 3581 annotatosque
443 3500 562 3560 titulis:
587 3500 632 3560 De
647 3522 721 3560 vera
737 3501 900 3562 nobilitate
906 3520 918 3579 ‚·
931 3539 969 3547 —
984 3502 1031 3562 De
1049 3502 1140 3562 lande
1156 3502 1325 3563 monsastice

206 3589 387 3672 religionis;
409 3626 448 3633 —
465 3590 511 3650 De
529 3590 669 3670 puritate
691 3589 910 3672 Conceptionis
930 3590 1018 3651 beate
1042 3591 1142 3651 Mario
1162 3591 1325 3673 Virpinis;

205 3717 243 3725 -
257 3680 304 3740 Dc
315 3678 422 3739 dolore
434 3677 576 3760 ejusdem
586 3700 674 3739 sacre
688 3678 833 3762 Virginis
849 3680 881 3740 in
892 3680 1039 3761 passione
1054 3681 1084 3739 F
1083 3680 1133 3740 ilii
1143 3680 1194 3739 sui
1198 3699 1210 3758 ;
1224 3716 1263 3726 -
1277 3681 1324 3741 De

206 3767 780 3850 misticasiqnificationenumerorum
790 3769 888 3830 Sacro
899 3769 1325 3851 Scripture;-DcAnnun-

205 3859 337 3919 ciatione
352 3865 381 3918 ct
402 3856 587 3918 Visitatione
603 3857 745 3937 ejusdem
759 3857 897 3940 gloriose
920 3858 1064 3941 Virginis
1070 3877 1082 3936 ‚·
1098 3896 1136 3904 -
1155 3859 1202 3919 De
1221 3858 1325 3941 gloria

204 3946 438 4028 Assumptionir
456 3949 487 4006 in
503 3946 603 4006 celum
624 3947 767 4027 ejusdcm
786 3956 891 4009 ‘sancte
911 3948 972 4009 Dei
986 3947 1097 4008 Matris
1103 3966 1115 4025 ,·
1133 3985 1171 3992 -
1190 3948 1236 4009 Dc
1257 3948 1325 4008 lau-

203 4036 297 4097 dibus
317 4036 418 4096 sancti
434 4034 588 4095 Ludocici
602 4035 688 4116 regis
708 4037 905 4097 Francorum
920 4045 949 4099 et
970 4037 1059 4097 beate
1077 4036 1211 4114 Cecilie,·
1226 4073 1263 4081 —
1279 4037 1326 4096 De

205 4126 301 4209 Reqis
314 4125 439 4207 0sfi⁶²⁰i
453 4162 493 4169 —
507 4125 554 4184 De
571 4124 635 4184 vita
653 4132 681 4185 et
701 4125 842 4185 moribus
855 4126 1071 4203 sacerdotum
1086 4163 1124 4170 —
1138 4126 1185 4185 De
1200 4147 1326 4186 venera·

206 4216 286 4276 tione
297 4222 494 4292 sanctorum·
506 4252 544 4258 —
559 4214 606 4274 De
618 4213 700 4274 bello
717 4228 746 4275 et
758 4234 902 4296 pace,·—
917 4217 964 4276 De
976 4215 1180 4277 Sacramento
1196 4215 1226 4274 E
1229 4215 1326 4274 ucha-

209 4303 293 4364 ristic
309 4310 416 4364 contra
431 4301 730 4384 Accolampadium;
745 4340 783 4351 —
798 4305 845 4365 De
860 4305 1003 4366 doctrina
1019 4302 1184 4364 moriendi.
1205 4304 1325 4362 Horum

211 4401 311 4453 autem
334 4393 553 4473 opusculorum
575 4393 720 4473 pleraque
741 4394 831 4453 simul
854 4394 947 4471 ligata
968 4401 1039 4453 sunt
1060 4394 1090 4452 in
1111 4393 1218 4453 eodem
1239 4393 1327 4452 volu-

213 4482 303 4555 mine,
321 4490 352 4542 et
367 4482 505 4542 nonnulli
520 4481 590 4540 libri
606 4482 656 4541 hic
676 4504 737 4542 non
753 4483 902 4543 nominati
918 4504 976 4542 una
996 4504 1065 4542 cum
1082 4483 1147 4542 istis
1166 4504 1258 4562 supra
1274 4503 1328 4541 no·

216 4571 337 4631 minatis
352 4571 506 4631 interdum
528 4578 600 4630 sunt
616 4570 701 4648 ligati
717 4572 746 4630 in
771 4572 878 4632 eodem
896 4571 1063 4646 volumine,
1082 4572 1134 4652 qui
1154 4572 1245 4631 etiam
1262 4571 1308 4631 sin
