3074 5422
559 442 739 503 -105-

97 576 310 639 Veneratione
336 576 550 640 δαιιεῑοναιη1
577 577 777 640 sententiam
806 600 897 640 suam
919 577 1068 667 mitigat:
1099 605 1116 640 «
1139 580 1212 643 Non

91 673 201 752 debet,
223 674 280 749 ait,
302 674 445 762 quisque
469 698 503 738 se
523 676 684 762 praebere
709 674 838 737 facilem
858 673 898 737 ad
916 674 1133 761 judicandum
1157 690 1212 741 aut

90 771 331 836 aestimandum
348 771 504 836 miracula
526 796 608 859 quae
624 772 665 835 de
687 773 817 837 Sanctis
833 771 867 835 in
887 772 1035 836 Ecclesia
1055 773 1211 864 leguntur

90 894 161 934 esse
176 868 292 932 fictitia
309 883 364 933 aut
381 869 563 948 mendacia,
582 870 788 957 potissimum
806 869 938 958 quando
958 870 998 933 ab
1015 871 1210 935 authoribus

89 967 298 1031 indubitatae
310 967 413 1031 fideiil
425 967 454 1031 la
467 980 543 1031 sunt
555 967 729 1031 memoriae
741 967 883 1054 prodita,
899 967 1062 1031 autetiam
1077 969 1211 1057 quando

90 1065 161 1130 sine
178 1078 270 1129 certo
286 1065 444 1155 leguntur
460 1067 611 1143 authore,
630 1066 670 1128 ab
682 1065 829 1129 Ecclesia
843 1078 954 1128 tamen
966 1065 1144 1129 universali
1156 1079 1211 1131 aut

89 1164 130 1226 ab
147 1162 260 1252 aliqua
280 1162 472 1250 particulari
485 1162 622 1226 eeclesia
635 1165 786 1248 suntjam
802 1163 835 1225 in
853 1187 946 1226 usum
960 1176 1135 1250 recepta...
1152 1167 1210 1230 Ca·

87 1260 308 1348 ptivandusin
319 1261 515 1349 obsequium
526 1261 649 1326 Christi
660 1261 906 1324 estintellectus
917 1261 1210 1350 subjiciendusque

87 1383 162 1422 eum
180 1357 502 1445 humilitatejudicio
520 1358 623 1446 ipsius
636 1358 814 1421 Ecclesiae.
834 1359 1051 1445 Contemptus
1065 1371 1098 1422 et
1110 1384 1210 1447 repu-

87 1456 192 1519 diatio
209 1480 324 1519 eorum
335 1457 468 1544 quaeab
481 1455 627 1519 Ecclesia
638 1468 769 1543 recepta
783 1468 859 1519 sunt
869 1469 901 1519 et
910 1455 1042 1542 publice
1053 1456 1211 1548 leguntur

89 1555 129 1618 ab
147 1554 261 1642 aliquo
277 1554 460 1617 insolenter
476 1566 647 1631 attentata,
666 1553 753 1640 qnod
770 1577 807 1616 ea
819 1552 881 1616 sibi
898 1553 1040 1617 absurda
1056 1567 1089 1617 et
1101 1555 1210 1620 minus

89 1650 300 1716 rationabilia
315 1652 519 1727 viderentur,
533 1675 667 1742 gravem
686 1651 749 1714 sibi
766 1649 925 1714 conllaret
940 1651 1001 1714 Dei
1015 1651 1097 1715 iram
1110 1665 1210 1741 atque

90 1748 282 1813 vindictam.
305 1752 378 1814 Non
394 1749 506 1837 itaque
529 1750 618 1813 leves
639 1773 711 1812 esse
733 1748 892 1812 debemus
907 1749 947 1812 ad
958 1750 1044 1812 hane
1058 1749 1209 1814 tetricam

91 1860 122 1911 et
135 1847 333 1935 plerumque
348 1848 557 1911 temerariam
573 1870 757 1923 censuram,
776 1846 865 1935 qnod
879 1848 960 1910 haee
978 1847 1028 1910 vel
1045 1846 1100 1910 illa
1114 1850 1209 1936 (quae

91 1945 130 2009 de
165 1946 287 2009 sanctis
321 1946 354 2008 in
386 1944 612 2009 ecclesiastico
650 1968 710 2008 usu
746 1944 912 2034 leguntur)
942 1944 1098 2009 miracula
1133 1959 1210 2010 sunt

92 2043 329 2120 commentitia,
350 2043 551 2131 apocrypha,
575 2066 667 2119 vana,
693 2041 860 2104 mendacia
886 2055 941 2105 aut
961 2040 1087 2105 fictitia.
1118 2047 1209 2126 Quo-

92 2141 179 2204 niam
202 2140 249 2204 sie
270 2140 415 2204 serentes
440 2139 602 2226 judicium
624 2140 724 2227 (quod
746 2140 806 2202 sub
827 2151 996 2225 praetextu
1018 2139 1151 2226 pietatis
1178 2153 1210 2204 et

91 2239 136 2325 pii
162 2239 196 2302 in
224 2240 331 2301 Deum
356 2237 494 2302 affectus
519 2262 534 2300 a
558 2238 676 2324 spiritu
703 2237 883 2324 impietatis
908 2249 947 2300 et·
966 2237 1209 2303 incredulitatis

92 2361 191 2424 saepe
209 2360 347 2400 numero
363 2335 641 2424 proficiscitur...)
660 2335 935 2398 insolesceremns
956 2348 1070 2399 contra
1093 2336 1209 2399 Eccle-

92 2434 158 2498 siae
186 2434 429 2498 auctoritatem.
461 2459 477 2493 a
504 2432 656 2496 Attamen
681 2432 749 2495 vult
773 2456 809 2495 ea
834 2457 918 2520 quae
946 2457 986 2496 ex
1008 2434 1209 2522 apocryphis

92 2531 368 2622 confingerentur
387 2556 404 2595 a
420 2530 576 2619 praelatis
593 2529 749 2594 sustolli².

135 2632 306 2711 Quantum
329 2654 410 2719 ergo
440 2630 625 2692 mutabatur
649 2628 859 2692 Clichtoveus
885 2629 925 2691 ab
954 2627 1012 2691 illo
1039 2629 1096 2717 qui
1129 2629 1208 2693 olim

87 2729 173 2792 duos
194 2728 377 2791 versiculos
398 2727 430 2790 in
446 2727 582 2790 Exultet
603 2739 834 2814 suppresserat
850 2750 888 2789 eo
905 2727 993 2814 quod
1017 2727 1081 2814 ipsi
1096 2729 1209 2794 absur-

87 2827 167 2890 dum
195 2826 402 2913 impiumque
439 2848 571 2888 sensum
604 2848 757 2888 resonare
788 2823 980 2888 viderentur
1007 2825 1014 2887 l
1047 2825 1208 2890 Paulatim

86 2925 175 2989 hanc
196 2922 451 2986 affirmationem
471 2935 721 3009 temperaverat.
741 2922 851 2986 Primo
868 2922 1002 3010 quidem
1019 2925 1080 2987 hos
1095 2948 1210 2989 versus

88 3023 216 3085 habere
232 3045 331 3109 posse
347 3019 523 3108 quemdam
540 3044 671 3083 sensnm
689 3020 871 3111 legitimum
888 3034 1109 3099 concesserat,
1132 3021 1209 3086 dein

88 3118 267 3182 addiderat
287 3142 343 3181 eos
364 3142 478 3181 revera
500 3117 623 3181 habere
639 3131 771 3205 praeter
791 3142 865 3181 eum
886 3142 983 3206 quem
1005 3120 1076 3207 ipse
1096 3143 1209 3206 repro-

84 3217 190 3280 babat
209 3240 322 3280 verum
344 3228 376 3279 et
401 3216 492 3303 pium
513 3240 658 3294 sensum,
684 3240 756 3279 eum
785 3215 913 3280 scilieet
937 3241 1035 3304 quem
1063 3217 1211 3281 Ecclesia

85 3313 240 3378 canendo
257 3313 464 3378 intendebat.
481 3313 541 3377 Ast
554 3315 635 3377 haec
646 3313 836 3378 retractatio
853 3314 1014 3401 implicita
1027 3315 1212 3380 Clichtovei

84 3412 205 3501 pietati
222 3411 375 3476 sufficere
396 3435 462 3474 non
478 3412 546 3475 visa
567 3425 629 3476 est.
649 3415 770 3476 lterum
792 3424 890 3500 atque
911 3413 1031 3477 iterum
1057 3412 1212 3500 explicite

86 3522 195 3574 semet
222 3509 256 3573 in
276 3510 337 3573 hae
361 3534 396 3573 re
419 3533 547 3573 errasse
573 3511 743 3574 consessus
772 3522 833 3574 est.
862 3511 1000 3576 Publice
1021 3510 1155 3600 quidem
1178 3511 1212 3574 in

86 3607 237 3672 secunda
258 3607 405 3671 editione
425 3608 670 3673 Elueidntorai:
692 3635 708 3670 «
733 3611 814 3672 Eum
836 3634 969 3673 sensum
990 3610 1023 3673 in
1044 3632 1109 3696 quo
1126 3610 1214 3673 canit

89 3705 240 3770 Ecclesia
261 3704 366 3768 dictas
390 3706 638 3792 propositiones
657 3719 813 3795 tanquam
836 3732 947 3771 verum
967 3721 1000 3771 et
1021 3707 1213 3796 religiosum

87 3803 285 3890 amplector,
313 3804 402 3890 quod
432 3802 514 3866 mihi
538 3804 580 3867 sit
607 3829 801 3892 persuasum
827 3805 910 3869 nihil
935 3807 976 3870 ab
998 3804 1144 3870 Ecclesia
1166 3829 1214 3868 re-

88 3902 156 3988 cipi
171 3912 226 3964 aut
248 3901 377 3964 admitti
394 3901 426 3964 in
443 3925 539 3965 nsum
552 3901 682 3966 debere
704 3904 794 3990 quod
811 3904 968 3992 pietatem
982 3928 1048 3967 non
1065 3902 1211 3990 sapiat...

88 4001 205 4086 Neque
217 3998 269 4060 his
281 3999 416 4061 obviant
427 4023 463 4061 ea
474 4024 557 4086 quae
570 3999 602 4063 in
617 4000 834 4091 Apologetica
846 4027 916 4066 mea
928 4000 1180 4089 disceptatione.
1190 4050 1211 4062 ..

87 4097 350 4159 disseruntur.»
373 4097 463 4159 ldem
485 4098 517 4159 in
539 4100 808 4187 PropognoeuIO,
830 4099 1003 4188 alloquens
1025 4101 1210 4178 Erasmum,

89 4193 241 4258 dicebat:
270 4221 286 4255 «
320 4194 519 4257 Particulam
545 4194 654 4259 illam:
684 4199 711 4260 Ο
739 4198 1005 4261 necessarium...
1036 4199 1063 4261 Ο
1091 4195 1210 4259 lelix...

90 4291 332 4380 repudiandam
349 4304 380 4355 et
400 4292 598 4357 abolendam
620 4294 823 4381 pervicacius
843 4295 974 4383 scripsi.
995 4294 1122 4358 Idcirco
1138 4317 1211 4357 cum

129 4527 153 4575 l.
175 4523 210 4584 ll,
226 4524 269 4576 77.

129 4597 154 4647 2.
175 4598 216 4647 De
232 4612 318 4647 vener.
337 4595 444 4655 Sanet,
461 4595 480 4645 s.
498 4597 540 4648 95.
