3074 5422
791 400 950 461 „40-

310 554 421 604 tamen
442 536 651 614 venerabilis,
671 539 833 618 QuercuS,
866 546 897 598 et
918 534 1051 622 quidam
1074 533 1340 622 Christopltorns.
1364 541 1432 603 No-

312 637 400 700 mina
430 646 507 699 sunt
535 635 654 697 horum
688 646 912 696 monstrorum
938 634 1035 696 etiam
1068 632 1166 721 vulgo
1188 633 1287 697 'nuuc
1320 650 1429 700 nota:

311 734 425 811 Belua,
456 735 591 798 Stercus
622 745 654 794 et
684 732 930 796 Christotomus
953 756 982 792 u.
1020 733 1143 794 Horum
1173 731 1302 818 priores
1336 733 1432 798 facile

310 844 559 923 agnoscuntur:
583 830 701 893 tertius
732 842 851 906 autem,
875 828 936 891 etsi
963 841 1086 892 mutato
1114 829 1258 908 nomine,
1286 831 1432 896 Clichto·

309 955 388 994 veus
423 953 495 992 esse
533 929 675 992 videtur.
704 927 867 993 Dominus
901 927 988 990 enim
1020 927 1213 1005 Filesacius‚
1245 929 1314 1016 qui,
1338 931 1434 1017 juxta

313 1027 563 1104 Chevillerium,
582 1025 642 1089 luit
654 1028 779 1089 Ductor
792 1025 971 1088 Facultatis
987 1024 1208 1111 peritissimus
1221 1039 1254 1089 et
1274 1026 1432 1104 decanus,

313 1125 431 1189 asserit
454 1125 682 1190 Clichtoveum
703 1124 804 1187 luisse
824 1125 1112 1185 Determiaatiom's
1133 1122 1334 1212 theologicae
1354 1149 1433 1189 auc-

310 1236 416 1287 torem
448 1223 674 1309 praccipuum.
704 1222 759 1285 Sic
787 1221 875 1284 eninr
900 1244 934 1284 se
959 1220 1060 1282 habet
1088 1220 1122 1282 in
1153 1245 1212 1284 suo
1234 1221 1320 1285 libro
1351 1248 1430 1311 quo,

311 1344 398 1384 auno
416 1321 512 1397 1520,
531 1320 690 1383 evolvitur
707 1320 913 1382 Statutormu
932 1319 1059 1381 Sacrae
1071 1320 1251 1384 Facultatis
1264 1322 1433 1385 Parisien·

311 1423 357 1482 sis
368 1422 584 1506 origoprisea
597 1439 606 1479 :
620 1444 635 1479 «
655 1416 736 1500 Quis
749 1439 921 1479 censuram
933 1417 958 1478 T
961 1415 1178 1504 heologorum
1192 1417 1434 1482 Parisiensium

311 1515 467 1579 adversus
500 1515 693 1593 Lutherum,
721 1514 1001 1591 Melanohtonem,
1038 1527 1131 1577 eto...
1174 1515 1304 1579 nescit?
1332 1540 1433 1603 quam

312 1626 444 1677 auctore
473 1613 668 1700 praesertim
697 1613 822 1676 Judoco
849 1610 1041 1675 Clichtoveo
1070 1613 1215 1676 Doctore
1244 1614 1432 1678 Serbonico

311 1711 433 1775 editam
450 1711 616 1788 novimus;
634 1711 662 1773 is
680 1723 730 1774 est
745 1710 958 1774 Cliehtoveus
974 1709 1030 1797 qui
1045 1723 1122 1796 post
1136 1710 1273 1774 Eckium
1290 1712 1430 1775 Germa-

310 1833 389 1872 num
410 1809 536 1895 primus
557 1808 597 1872 de
618 1809 698 1872 locis
720 1808 945 1871 controversis
971 1806 1049 1871 fidei
1069 1808 1227 1871 adversus
1248 1809 1432 1873 liutherum

311 1920 462 1970 accurate
479 1905 643 1994 scripsit¹.
663 1932 680 1967 u
703 1909 809 1989 Quam
827 1905 1025 1969 sententiam
1044 1905 1115 1992 ipse
1136 1904 1176 1968 de
1190 1906 1300 1993 seipso
1317 1907 1432 1971 Clich-

310 2018 425 2068 toveus
444 2003 656 2091 aliquomodo
669 2002 887 2080 confirmavit,
911 2027 1012 2090 quum
1031 2003 1342 2067 Determiaatr'oaem
1363 2006 1431 2068 Fa-

311 2103 443 2166 cultatis
458 2101 657 2164 Parisiensis
683 2103 746 2189 (ap.
773 2101 912 2164 Badium
934 2099 1142 2189 impressam)
1166 2101 1198 2163 in
1219 2124 1285 2165 uno
1307 2126 1345 2164 ex
1363 2103 1433 2166 suis

311 2200 548 2277 voluminibus,
567 2199 661 2286 quasi
673 2224 768 2262 suum
784 2223 879 2286 opuS,
893 2211 929 2262 ut
944 2222 1031 2262 nuuc
1047 2198 1159 2263 videre
1173 2212 1234 2277 est,
1258 2199 1433 2288 religatam

312 2297 500 2362 inseruerit.

357 2399 450 2478 Quae
464 2397 705 2460 Determiaatio
721 2407 756 2458 ut
773 2420 790 2458 a
806 2395 977 2458 catholicis
994 2407 1183 2458 reverenter
1203 2396 1250 2459 sic
1271 2419 1287 2459 a
1308 2397 1433 2460 Luthe-

313 2495 402 2559 ranis
432 2495 593 2558 iracunde
616 2493 678 2557 fuit
711 2506 856 2579 recepta.
881 2492 1022 2575 Quidam
1050 2493 1184 2581 ignotus
1214 2495 1275 2558 sub
1298 2494 1433 2558 nomine

314 2593 560 2681 Theologorum
576 2591 610 2654 in
631 2591 738 2654 lucem
755 2591 864 2654 emisit
884 2590 1021 2654 Parisiis
1037 2590 1204 2678 quoddam
1219 2615 1315 2678 opus,
1334 2592 1434 2657 titulo

313 2692 478 2764 Murman,
495 2689 530 2752 in
547 2714 612 2776 quo
629 2688 847 2752 irridebatur:
863 2688 952 2775 quod
968 2689 1115 2776 quidem,
1134 2688 1315 2780 instigante
1326 2690 1432 2769 Beda,

313 2812 399 2851 anno
424 2789 508 2851 1524
531 2787 591 2851 luit
611 2811 750 2850 censura
770 2799 930 2850 notatum.
955 2784 1054 2873 Apud
1076 2787 1272 2864 Germanos,
1296 2788 1434 2852 liutheri

310 2888 417 2973 jussu,
441 2886 527 2949 edita
549 2898 598 2948 est
617 2884 784 2948 Adversus
800 2886 965 2973 fitriosam
985 2886 1224 2948 Parisieasinm
1246 2884 1434 2973 theologas-

314 2999 440 3047 trorum
470 2985 635 3048 decretum
664 2982 725 3046 Pt.
748 2981 986 3046 Melaaelrtonis
1006 3006 1070 3068 pro
1095 2982 1239 3046 Latliero
1263 2984 1432 3070 apologia,

314 3082 349 3144 in
380 3105 444 3169 qua
476 3081 678 3145 Sorbouieos
710 3083 871 3144 Doctores
901 3104 973 3142 esse
1008 3080 1200 3167 Scripturae
1235 3093 1267 3143 et
1298 3082 1434 3146 Patrum

314 3179 462 3267 ignaros,
490 3179 592 3242 solius
622 3178 811 3242 Aristotelis
844 3190 876 3240 et
898 3178 1096 3241 Scolasticae
1126 3178 1262 3265 peritos,
1298 3179 1434 3242 tandem

315 3277 387 3340 sine
408 3278 546 3340 cerebro
567 3277 687 3364 capita,
712 3289 746 3339 ut
767 3276 873 3339 solent
894 3276 992 3356 Galli,
1012 3277 1181 3339 asseritur.
1200 3277 1306 3356 Quam
1323 3278 1434 3364 apolo-

315 3374 416 3465 giam,
435 3398 492 3438 sua
508 3375 613 3461 ipsius
630 3398 719 3451 cura,
742 3374 932 3461 germanico
952 3373 1106 3437 idiomate
1133 3374 1338 3452 translatam,
1368 3376 1435 3438 Lu-

314 3473 430 3536 therus
451 3473 522 3559 ipse
538 3471 651 3536 eadem
673 3471 774 3534 sorma
796 3471 980 3558 iisdemque
1002 3472 1088 3535 notis
1105 3471 1325 3535 condemnare
1340 3473 1435 3559 prius

316 3570 456 3634 ridendo
476 3570 582 3644 finxit,
599 3570 675 3633 dein
692 3571 796 3658 ipsam
813 3570 898 3632 serio
914 3594 1104 3660 aggressus,
1123 3594 1214 3634 suam
1232 3571 1434 3634 Sententiam
1478 3570 1481 3575 '

316 3669 543 3755 magistralem
578 3683 693 3731 contra
732 3669 936 3732 Facultatem
966 3667 1159 3731 solemniter
1192 3667 1432 3755 pronuntiavit.

316 3768 425 3853 Ipsam
446 3791 518 3830 csse
538 3779 640 3829 totam
663 3766 752 3854 lepra
775 3766 970 3854 squalidam,
999 3777 1101 3829 totam
1122 3766 1298 3829 lenonibus
1314 3767 1435 3853 prosti-

315 3877 432 3941 tutam,
455 3864 601 3928 omnium
621 3865 803 3927 haereseon
835 3865 1009 3941 sentinam,
1048 3867 1119 3951 ejus
1147 3863 1333 3927 doctrinam
1361 3888 1435 3928 esse

317 3961 421 4049 ipsius
435 3961 634 4028 Antichristi
650 3961 846 4039 doctrinam,
865 3965 936 4049 ejus
950 3965 1112 4025 Doctores
1128 3986 1200 4025 esse
1220 3961 1435 4025 Montanistis

317 4083 353 4122 ac
370 4059 551 4123 Ebionistis
569 4063 711 4147 pejoreS,
729 4061 912 4147 repetebat.

362 4160 453 4240 Quae
468 4157 603 4244 quidem
619 4159 734 4245 quanti
755 4157 854 4221 suerit
871 4158 1029 4245 ponderis
1049 4158 1130 4220 haec
1149 4158 1387 4222 Determiaatr'o
1417 4182 1436 4222 a

314 4351 361 4403 Vir
376 4352 433 4413 iste,
450 4352 501 4402 huc
517 4371 597 4422 usque
607 4370 666 4402 cum
679 4352 760 4403 nimio
774 4351 813 4402 vel
825 4351 884 4402 odio
899 4351 938 4402 rel
950 4369 1038 4402 amore
1050 4351 1161 4412 habitus,
1178 4352 1276 4403 sincera
1290 4351 1383 4420 dignus
1396 4361 1438 4405 est

313 4424 428 4477 historia.

350 4498 374 4546 1.
397 4495 420 4546 A
435 4495 523 4546 multis
538 4494 700 4546 Clichtoveus
711 4494 804 4545 dicitur
817 4494 916 4564 primus
930 4513 958 4545 ox
974 4493 1119 4546 Sorhonicis
1134 4495 1260 4564 scripsisse
1275 4501 1364 4547 contra
1379 4495 1436 4546 Lu-

314 4567 433 4619 therum:
448 4566 483 4617 sic
498 4566 626 4617 Launoius
640 4565 747 4636 (Opera,
764 4564 796 4624 V,
814 4569 874 4621 238,
891 4566 935 4626 lv,
952 4567 1026 4635 203).
