3074 5422
786 400 943 460 „80-

306 540 468 605 Lutetiam
497 537 627 599 venisse
661 532 844 596 contendit.
879 535 924 594 ttx
954 528 1130 593 concordia
1165 527 1240 590 talis
1265 525 1426 589 adrentus

306 662 379 702 cum
408 634 636 720 chronologia,
667 631 860 704 traditione,
894 627 1081 715 scripturis,
1120 627 1227 713 ipsum
1256 623 1427 687 concludit

305 761 378 800 esse
398 758 522 810 verum,
546 732 624 795 dum
640 727 870 793 tantummodo
887 737 1036 789 remanet
1048 723 1229 811 possibilis.
1254 723 1313 785 llis
1329 746 1425 811 argu-

307 834 426 898 mentis
461 844 602 906 caetera,
639 851 741 916 quum
771 825 1017 889 Antilutlreram
1057 821 1175 899 edidit,
1209 846 1296 885 anno
1325 820 1424 895 1523,

306 931 469 1019 adjunxit,
495 928 623 993 scilicet
650 924 846 1012 Dionysium
876 920 1112 1010 Areopagitam
1139 921 1330 1007 Dagoberto
1354 915 1426 1004 regi

306 1030 411 1094 visum
437 1028 550 1101 luisse,
573 1028 712 1111 ejusque
736 1021 894 1109 reliquias
922 1019 954 1082 in
981 1018 1112 1082 abbatia
1135 1018 1249 1082 Sancti
1273 1015 1426 1102 Dionysii

307 1127 511 1192 conservari:
544 1147 628 1210 quae
656 1120 788 1209 quidem
817 1130 1009 1209 argumenta
1035 1117 1067 1180 in
1089 1115 1213 1180 Codice
1238 1113 1428 1178 Mazarineo

308 1250 373 1289 non
403 1223 570 1298 attulerat,
601 1219 677 1307 qnia
703 1242 763 1281 nec
783 1217 855 1305 ipsa
876 1230 968 1291 tnnc,
998 1238 1084 1277 anno
1107 1213 1242 1300 inquam
1271 1213 1370 1288 1517,
1396 1209 1427 1272 vi

308 1323 448 1411 quadam
468 1321 594 1408 pollere
614 1316 818 1380 autumabat:
842 1326 954 1400 postca
971 1325 1094 1389 tamen,
1113 1312 1256 1374 bothero
1272 1309 1428 1373 condem·

309 1434 396 1496 nato,
419 1420 537 1484 iisdem
557 1414 733 1504 quemdam
754 1413 898 1476 valorem
920 1435 985 1474 non
1003 1410 1151 1497 negavit3
1170 1433 1271 1496 queue
1293 1419 1428 1471 senten·

307 1519 386 1583 tiam
407 1519 454 1582 sie
475 1514 661 1591 mutaverit,
685 1511 822 1575 inferius
838 1507 1107 1598 explicabimus¹.

698 1881 839 1946 CAPUT
864 1880 1032 1945 NONUM.

539 2100 754 2140 CLICHTOVEUS
780 2099 1041 2139 Phaenicartoms
1067 2097 1198 2137 FORMAM

641 2190 708 2230 suls
734 2189 935 2229 SERMONIBUS
959 2187 1104 2227 RENOVAT

354 2389 533 2475 llucusqne
554 2387 782 2452 Clichtoveum
794 2386 1103 2476 gramrnaticalium,
1121 2385 1346 2473 physicarum,
1360 2386 1435 2473 phi-

311 2486 569 2572 losophicarum,
584 2510 762 2562 sacrarum,
778 2486 1077 2573 historicarumque
1091 2483 1340 2571 disciplinarum
1356 2509 1434 2546 cum

312 2584 420 2647 Fabro
439 2583 687 2647 reformatorem
706 2587 796 2670 juxta
814 2583 946 2674 regulas
965 2583 1149 2646 litterarum
1168 2595 1200 2645 et
1218 2581 1358 2644 rationis
1375 2607 1434 2646 su-

313 2706 383 2744 mus
408 2682 529 2759 secuti3
557 2706 644 2745 nune
673 2681 764 2744 illum
790 2681 1051 2767 praedicantem,
1082 2678 1434 2767 concionatoriamque

312 2792 415 2842 artem
446 2779 557 2842 multis
588 2779 778 2842 excessibus
812 2792 891 2842 tunc
926 2778 1089 2842 foedatam
1122 2779 1189 2841 suis
1220 2777 1435 2841 sermonibus

313 2890 536 2953 renovantem,
560 2877 768 2965 aspiciamus

357 2977 429 3039 Non
442 2975 608 3038 minimam
624 2974 759 3062 quidem
777 2975 809 3037 in
823 2974 1046 3062 praedicando
1058 2974 1197 3064 gloriam
1210 2987 1261 3037 est
1277 2973 1432 3061 adeptus.

313 3073 512 3136 1111501506
533 3077 548 3135 ir
565 3076 663 3137 Petro
684 3073 741 3136 des
764 3074 877 3136 Groux
894 3073 1007 3135 Cicero
1028 3071 1225 3159 theosophus
1238 3071 1433 3149 vocabatur,

314 3194 329 3232 a
352 3169 462 3232 multis
477 3170 543 3233 sive
565 3170 597 3232 in
612 3170 776 3261 collegiis,
799 3170 916 3233 sivein
935 3170 1156 3246 monasteriis,
1180 3169 1247 3232 sive
1264 3169 1296 3231 in
1313 3191 1434 3256 paroe-

314 3267 373 3331 ciis
403 3266 444 3330 ad
468 3268 733 3331 concionandum
763 3268 985 3344 invitabatur,
1011 3268 1164 3345 lernaei,
1192 3266 1267 3330 dum
1294 3267 1435 3354 parochi

315 3389 433 3428 munus
462 3365 626 3453 impleret,
664 3366 839 3429 dominicis
864 3366 1022 3453 festisque
1059 3365 1177 3429 diebus
1204 3365 1244 3428 ad
1274 3364 1435 3452 populum

314 3463 458 3526 habebat
491 3488 689 3527 sermonem.
723 3464 944 3528 Commissum
977 3463 1006 3526 ei
1032 3463 1093 3526 suit
1129 3487 1246 3526 munus
1282 3463 1436 3526 Caesarii

314 3560 518 3625 Arelatensis
559 3585 725 3626 terniones·
764 3562 885 3625 edendi
930 3586 990 3625 nee
1033 3586 1099 3624 non
1138 3560 1433 3649 praefatiunculam

316 3659 350 3723 S.
370 3659 532 3722 Bernardi
551 3661 760 3724 sermonibus
777 3660 1023 3747 praemittendi.
1043 3662 1117 3747 lpse
1128 3658 1262 3722 tandem
1275 3660 1434 3722 Lassereo

315 3758 454 3843 petenti,
473 3758 513 3821 ad
529 3758 705 3822 utilitatem
723 3758 932 3836 clericorum,
947 3782 1079 3820 suorum
1097 3780 1288 3820 sermonum
1305 3757 1434 3845 evulga-

316 3853 440 3918 tionem
462 3855 630 3943 permisit;
654 3856 710 3943 qui
726 3869 839 3943 postea
860 3856 1029 3919 multoties
1052 3868 1084 3918 et
1105 3855 1138 3918 in
1155 3853 1266 3918 multis
1288 3854 1435 3943 regioni-

352 4131 377 4180 1.
398 4127 454 4179 Non
468 4130 603 4181 mediocris
617 4150 669 4181 esse
682 4131 839 4183 auctoritatis
859 4132 885 4182 in
901 4130 1097 4184 Elaeidatorio
1112 4130 1291 4183 Clichtoveum
1306 4129 1438 4182 affirmant

316 4201 478 4251 recentiores.
505 4202 544 4252 De
560 4202 661 4271 hymnis
680 4203 751 4253 Adae
772 4203 803 4253 de
823 4203 855 4254 S0
872 4203 974 4254 Victore
991 4203 1112 4263 scribens,
1132 4203 1202 4254 Felix
1222 4202 1341 4254 Clemcnt
1361 4202 1436 4253 illum

316 4271 392 4322 dicit:
410 4274 462 4322 seul
478 4281 570 4323 auteur
583 4274 627 4342 qui
641 4274 704 4324 lasse
718 4275 828 4325 autorite
843 4275 905 4325 dans
920 4282 976 4325 tout
990 4293 1017 4325 cc
1034 4275 1078 4344 qui
1092 4293 1217 4326 concerne
1231 4292 1259 4324 ce
1273 4275 1347 4344 poete
1363 4274 1435 4342 puis-

315 4343 379 4464 31111
393 4361 406 4393 a
421 4344 508 4413 publie
522 4363 560 4395 scs
574 4363 673 4395 murres
687 4364 719 4395 en
735 4348 803 4399 1515
822 4346 922 4416 d'aprirs
937 4346 972 4397 les
987 4347 1138 4397 manuscrits
1156 4347 1252 4396 memes
1270 4345 1302 4396 de
1320 4344 1437 4414 l'abbaye

333 4413 563 4468 eSaiat-Victor».
583 4417 714 4467 Camarina
730 4436 743 4467 e
752 4418 847 4487 poetis
860 4417 1035 4476 christianis,
1053 4420 1131 4477 1880.
1148 4437 1175 4487 p.
1192 4418 1296 4470 491-
1312 4415 1436 4467 Attamen

315 4484 345 4538 L.
362 4483 478 4546 Gautier,
500 4487 527 4537 in
544 4488 640 4538 recenti
659 4487 771 4538 editione
791 4491 961 4558 Ilymnorum
983 4488 1063 4540 Adae
1084 4488 1119 4542 de
1138 4495 1171 4541 S⁰
1192 4488 1297 4541 Victore
1317 4486 1436 4540 Clichto-

315 4574 392 4609 veum
411 4557 442 4608 de
458 4558 545 4610 multis
560 4559 660 4610 mendis
672 4560 766 4628 arguit.
