3074 5422
848 459 1009 498 ,Π-

351 576 542 638 ΕΙυηίθεοῖ
570 573 688 652 aprilis
712 573 798 631 1513.
819 573 909 629 -ln
932 572 1011 629 tine:
1036 571 1191 630 l'ersiculi
1219 572 1411 653 Hieronymi

353 672 548 736 Clichtovei.

351 793 387 848 v,
404 791 441 844 n.
462 792 508 844 oo.
530 788 635 839 raris..
654 787 689 839 ii.
706 785 861 856 sopiam.
875 784 956 849 (niu.
972 794 1026 837 mi.
1042 785 1076 837 n.
1089 787 1169 837 :ios
1181 787 1275 853 582⁶).
1297 789 1334 838 25
1344 788 1418 856 juni
1435 792 1506 846 1513

876 864 1296 935 (summasunmna)

878 944 960 1011 (nm.
978 944 1044 998 uu.
1058 948 1162 1013 asses)

397 1094 464 1176 w
485 1118 500 1146 o
513 1091 633 1152 Sermo
640 1087 679 1146 de
688 1085 897 1146 Car-melitani
905 1085 1025 1145 ordinis
1034 1085 1129 1146 lande
1137 1108 1177 1146 ac
1183 1089 1371 1168 praeconiis
1382 1116 1411 1149 n.

356 1231 398 1241 -
416 1194 490 1252 Non
506 1198 557 1249 est
572 1186 751 1246 Clicbtovei
770 1184 912 1263 quicum
934 1185 1129 1264 transcripsit
1147 1195 1283 1251 tantum.
1303 1187 1346 1246 ob
1364 1189 1414 1246 in·

358 1292 506 1352 vectivas
523 1295 636 1346 contra
657 1283 890 1341 Relormatores
908 1282 1053 1340 ordinum
1072 1282 1188 1342 studiis
1205 1283 1414 1346 adversantes

359 1391 399 1471 (i.
417 1390 502 1467 issi.

1117 1461 1208 1532 uipt.
1222 1461 1418 1516 tuomum
1434 1468 1506 1520 1513

404 1620 471 1702 βυ
493 1647 507 1671 ιι
530 1616 604 1675 l'ita
622 1614 660 1674 S,
679 1609 831 1670 Lndocici
842 1609 930 1690 repis
944 1608 1139 1669 Francorum
1148 1632 1211 1692 per
1222 1612 1333 1673 titulos
1347 1614 1414 1674 dir-

365 1721 468 1781 tincta
486 1746 513 1774 n.
529 1749 570 1759 κ
581 1714 628 1770 ne
641 1730 702 1790 qua
712 1708 805 1767 etiam
823 1727 962 1786 sparsum
976 1706 1094 1786 aliquid
1107 1718 1293 1769 annotatum
1309 1722 1357 1772 est
1373 1713 1413 1772 32

365 1828 400 1879 et
414 1819 456 1877 33
467 1837 499 1873 v,
516 1840 528 1866 u
549 1813 604 1870 Est
620 1810 687 1888 ipsa
703 1807 768 1863 vita
784 1804 924 1864 Gaulridi
941 1804 1082 1865 Belliloci
1102 1829 1197 1887 quam
1212 1812 1415 1892 transcripsit

366 1938 408 1977 ex
442 1942 456 1967 «
488 1909 607 1970 Codice
633 1904 771 1984 reposito
800 1903 832 1959 in
855 1902 968 1962 sacello
992 1903 1117 1983 collegii
1141 1906 1322 1967 Soletorum
1344 1909 1415 1989 (des

368 2011 515 2088 Choletsl.
526 2002 711 2065 Parisiensis
721 2030 735 2054 n
750 2008 860 2058 etcum
873 2021 934 2079 qua
942 2000 1054 2060 librum
1065 2003 1114 2062 De
1124 2004 1293 2064 Laudibus
1304 2005 1342 2067 S.
1350 2007 1414 2067 Lu-

368 2107 478 2172 douici
494 2101 674 2184 composuit
696 2099 731 2157 ·l.
752 2100 803 2155 171
823 2098 880 2176 m).
905 2099 989 2157 Haec
1010 2103 1212 2183 transcriptio
1233 2130 1249 2159 n
1265 2105 1298 2163 in
1318 2105 1416 2165 domo

369 2207 522 2270 Cluuiam
539 2230 568 2260 n.

1090 2297 1176 2351 nnio
1189 2309 1228 2352 ai
1242 2304 1417 2374 sosptem.
1435 2308 1507 2360 1513

414 2454 479 2537 w
501 2479 515 2507 (ι
529 2447 689 2532 Sequitur
701 2443 838 2525 adjectio
845 2445 978 2504 duorum
989 2447 1129 2527 capitum
1139 2471 1332 2533 maynopere
1341 2475 1415 2515 con-

370 2552 558 2617 ducentium
573 2546 616 2606 ad
630 2542 888 2623 complementum
908 2542 1064 2623 Opurcnli
1083 2547 1129 2606 De
1153 2548 1245 2609 laude
1264 2555 1416 2612 monasti-

372 2676 430 2716 cae
454 2647 625 2728 religionis,
641 2661 763 2722 suoque
777 2639 843 2699 loco
858 2640 942 2718 (cum
955 2639 1088 2702 dabitur
1107 2650 1256 2726 tempos),
1277 2648 1417 2711 meren.

371 2754 454 2814 dum
471 2774 499 2805 ».
518 2745 657 2802 -Haec
673 2738 774 2818 capita
793 2739 836 2796 sic
849 2748 956 2798 erant:
973 2739 1073 2799 CJX:
1091 2752 1226 2821 quantae
1241 2747 1370 2808 virtutis
1385 2759 1417 2809 01

372 2846 534 2913 efficaciae
544 2841 628 2922 apud
638 2839 740 2896 Deum
752 2835 792 2893 sit
802 2837 987 2908 obedientia,
999 2858 1038 2896 ex
1051 2841 1220 2919 praeclaris
1228 2844 1416 2906 Sanctmum

371 2942 529 3024 exemplis
543 2934 771 3017 comprobatio.
791 2969 830 2977 —
847 2934 958 2993 cxii.
981 2935 1133 3018 Exemplo
1153 2941 1329 3019 priscorum
1344 2965 1418 3004 cum

373 3040 552 3108 Gentilium
567 3047 634 3097 tum
650 3031 910 3105 Christianorum,
932 3031 1067 3093 libenter
1081 3037 1331 3117 amplectendam
1349 3065 1418 3103 esse

373 3145 608 3228 paupertatem.
626 3168 667 3177 —
684 3130 770 3189 Haec
784 3129 847 3189 duo
860 3131 962 3210 capita
977 3132 1092 3212 scripta
1107 3134 1195 3195 luere
1214 3147 1285 3217 post
1299 3139 1415 3201 ediij0.

373 3261 447 3304 nem
467 3236 600 3318 primam
623 3228 695 3289 libri
710 3225 758 3286 De
778 3225 886 3287 Laude
904 3229 1095 3290 monasticae
1117 3233 1297 3315 reliqiom's,
1322 3238 1355 3297 id
1369 3249 1417 3301 est

373 3347 451 3425 post
469 3335 505 3392 17
519 3330 626 3411 aprilis
643 3325 730 3397 1513,
747 3333 780 3383 et
794 3325 824 3383 in
840 3325 936 3385 altera
960 3337 1048 3386 crant
1068 3330 1243 3406 inserenda,
1260 3335 1316 3394 sed
1337 3358 1417 3396 nun.

374 3455 473 3522 quam
490 3430 562 3489 data
577 3436 624 3487 est
637 3425 736 3485 altera
751 3422 846 3482 editio
861 3423 897 3503 (f.
916 3425 972 3484 183
986 3427 1044 3506 νο).

414 3594 482 3681 20
504 3616 519 3646 n
537 3586 702 3650 Discussio
717 3583 937 3644 nonnullorum
951 3584 1121 3647 dubiorum
1139 3589 1178 3650 de
1198 3591 1418 3675 Indulqentiis

374 3688 605 3762 ecclesiasticis
622 3714 649 3746 ».
671 3720 709 3731 -
726 3687 738 3707 ¹
752 3683 836 3742 llaec
851 3684 935 3764 (tria)
953 3685 991 3743 de
1007 3687 1135 3746 materia
1152 3688 1417 3769 indulgentiarum

374 3795 487 3883 paucis
503 3787 633 3849 collecta
653 3790 727 3843 sunt
743 3780 781 3839 ad
802 3782 985 3861 petitionem
1006 3783 1168 3844 clarissimi
1191 3788 1249 3846 viri
1276 3791 1417 3870 magistri

376 3886 535 3958 Ludovici
552 3879 764 3950 Subterranei‚
782 3880 942 3960 utriusque
960 3881 1040 3961 juris
1055 3881 1193 3943 doctoris
1212 3889 1417 3966 praestantis-

376 3994 447 4057 simi
463 3988 503 4070 (f.
524 3985 604 4064 187).

1259 4085 1292 4135 15
1307 4084 1421 4137 octobris
1439 4090 1509 4142 1513

418 4241 467 4302 De
478 4230 624 4319 puritate
640 4224 861 4308 Conceptionis
884 4225 920 4287 B.
942 4225 1031 4286 MV.
1109 4224 1216 4288 dolore
1231 4229 1414 4309 ejusdcm...

379 4351 408 4404 et
422 4329 679 4412 assumptione...

378 4457 465 4512 V.11.
507 4450 552 4503 64.
573 4444 717 4508 Paris.,ll.
735 4441 972 4512 Stephanusfflibl.
988 4451 1041 4500 nat,
1058 4442 1093 4496 D.
1111 4444 1202 4511 5026).
1309 4448 1343 4499 29
1358 4465 1419 4502 nov.
1438 4451 1509 4504 1513

413 4568 449 4579 -
507 4531 552 4584 66.
608 4559 643 4567 -
769 4551 803 4561 -
892 4523 1040 4592 (biblum.
1056 4524 1234 4593 rom-7026).

1110 4604 1148 4673 (v.
1162 4604 1199 4674 s.)
1213 4607 1246 4658 18
1256 4605 1329 4687 janv.
1347 4609 1416 4663 1517
