3074 5422
684 442 782 501 ‚95
805 477 839 485 ..

205 576 337 664 pressio
354 576 571 663 plurimorum
588 577 727 653 animos,
746 577 814 662 jam
835 575 1063 640 Clichtoveum
1084 575 1126 637 ob
1147 575 1325 665 amicitiam

205 675 306 740 Fabri
337 674 589 761 suspicantium,
621 674 664 738 ita
699 673 810 737 statim
839 673 1028 748 commovit,
1060 685 1096 736 ut
1124 697 1185 760 pro
1216 673 1326 761 seipso

206 772 403 860 Apologiom
422 774 453 835 5²
469 773 657 835 novembris
674 772 707 834 in
724 771 846 836 Codice
868 795 927 834 suo
948 770 1089 833 manuali
1106 771 1174 858 jam
1191 795 1326 858 compo-

207 871 323 933 suerit.
344 872 433 933 Hanc
449 882 558 932 tamen
575 895 639 933 non
656 870 719 932 nisi
736 869 819 932 ‹luos
837 882 912 956 post
927 893 1031 931 annos
1043 869 1219 954 evulgavit,
1238 869 1325 932 seili-

206 981 272 1045 cet,
295 992 396 1055 quum
415 992 531 1056 graves
552 967 593 1031 de
615 968 722 1032 Fabro
746 967 989 1030 controversiae
1010 979 1101 1030 ortae
1126 960 1270 1045 suerunt,
1293 979 1325 1030 et

207 1079 382 1153 postquam
399 1066 439 1128 ab
456 1066 527 1128 aula
545 1065 654 1130 Caroli
670 1068 705 1130 Vi
727 1065 936 1152 imperatoris
951 1065 1012 1128 luit
1028 1089 1212 1155 regressus,

254 1165 323 1227 Hoc
345 1163 468 1227 etenim
489 1188 576 1227 anno
599 1166 696 1239 1517,
720 1187 787 1225 non
805 1162 943 1226 multum
960 1162 1065 1225 abluit
1078 1163 1158 1249 quin
1179 1163 1328 1226 Clichto-

206 1286 298 1338 veus,
318 1262 374 1349 qui
390 1285 495 1348 nuper
511 1261 709 1326 Morinensis
726 1261 917 1341 canonicus,
941 1273 972 1323 et
990 1259 1183 1350 Albigensis
1205 1261 1325 1325 Poeni-

207 1359 383 1423 tentiarius
404 1384 475 1423 esse
493 1360 654 1437 noluerat,
673 1359 714 1422 ad
734 1357 916 1422 audiendas
932 1357 1042 1423 Caroli
1055 1360 1082 1423 V
1096 1357 1323 1422 consessiones

207 1458 411 1546 eligeretur:
430 1457 495 1520 imo
516 1456 556 1520 ad
571 1459 634 1521 hoc
649 1456 843 1521 tentandum
864 1455 1008 1519 officium
1030 1455 1091 1519 luit
1110 1469 1263 1520 evocatus
1283 1457 1323 1519 ab

208 1555 420 1643 imperatore.
443 1555 485 1618 At
505 1568 581 1642 post
595 1568 663 1618 tres
680 1579 809 1618 menses
830 1554 863 1617 in
884 1554 957 1617 aula
975 1566 1189 1641 consumptos
1211 1552 1322 1629 rediit,

208 1653 341 1742 ipsique
353 1653 564 1735 Briselotius‚
577 1656 702 1717 Doctor
715 1652 891 1743 theologus
907 1652 1117 1729 Parisiensis‚
1130 1652 1239 1739 primo
1250 1653 1327 1717 Car·

209 1752 332 1828 melita,
358 1751 434 1815 dein
461 1749 710 1828 Benedictinus‚
738 1749 871 1813 tandem
894 1749 1142 1813 Cameracensis
1169 1748 1325 1841 suffraga-

209 1874 305 1924 neuS,
337 1849 398 1912 luit
424 1849 607 1937 praelatus:
633 1848 723 1936 quod
743 1851 899 1912 Erasmus
928 1846 1072 1934 lepidius
1099 1872 1197 1935 quam
1218 1849 1327 1912 verius

209 1947 404 2034 explicatio
424 1947 563 2034 epistola
586 1946 626 2010 ad
642 1947 850 2024 Rhenanum‚
875 1947 928 2009 ‘23³
947 1947 1079 2034 augusti
1101 1948 1201 2008 1517;
1226 1973 1242 2007 «
1267 1946 1326 2009 llic

210 2044 432 2132 (Briselotius)
448 2044 615 2131 praelatus
632 2044 704 2119 luit,
727 2043 848 2132 inquit,
870 2042 994 2107 lodoco
1010 2043 1196 2120 Clithoveo‚
1213 2043 1268 2131 qui
1285 2043 1327 2106 ad

209 2143 273 2205 hoc
295 2166 413 2205 munus
429 2143 534 2205 suerat
553 2142 744 2219 accersitus,
762 2142 840 2205 licet
861 2141 931 2227 ipse
948 2140 1084 2231 ignarus
1104 2164 1162 2204 cur
1182 2164 1326 2204 accerse-

210 2253 314 2303 retur.
338 2241 511 2303 Caeterum
532 2239 648 2303 aulicis
669 2263 733 2302 non
751 2239 886 2326 placuit,
905 2237 994 2325 quod
1013 2237 1096 2301 raris
1114 2251 1184 2301 erat
1198 2238 1327 2325 capillis

210 2337 379 2424 multaque
401 2336 525 2400 macie:
553 2337 621 2400 dati
646 2349 755 2401 tamen
776 2336 965 2423 Philippaei
990 2349 1123 2399 centum
1143 2349 1178 2399 ut
1202 2334 1327 2401 rediret

211 2435 386 2499 Lutetiam.
403 2435 436 2496 »¹
453 2435 513 2498 Ast
533 2434 604 2522 ipse
621 2435 832 2500 Clichtoveus
849 2437 882 2499 in
898 2433 1020 2498 Codice
1035 2435 1221 2498 Mazarineo
1237 2434 1327 2522 Apo·

210 2535 330 2622 logiam
351 2532 536 2621 quamdam,
561 2533 592 2596 2²
611 2534 742 2623 augusti
765 2535 861 2610 1517,
888 2531 929 2594 ad
954 2556 1030 2594 suos
1051 2530 1171 2595 direxit
1191 2531 1325 2608 amicos,

210 2655 274 2719 qua
297 2631 450 2717 probavit
473 2654 507 2694 se
529 2629 677 2721 legitima
700 2631 826 2694 ratione
847 2630 1043 2720 dignitatem
1068 2629 1212 2692 oblatam
1233 2654 1328 2693 recu-

210 2753 313 2792 sasse.
345 2730 509 2792 Reversus
534 2752 613 2816 ergo
645 2728 685 2791 ad
715 2728 892 2819 collegium
921 2730 1096 2805 Navarrae,
1126 2727 1185 2805 ibi,
1217 2731 1248 2789 7³
1274 2730 1328 2814 ju-

210 2827 256 2890 nii
270 2829 367 2904 1517,
381 2849 542 2890 cameram
553 2825 671 2889 locavit
686 2825 848 2903 advitam,
863 2839 895 2889 et
911 2850 971 2912 pro
987 2825 1195 2912 reparatione
1212 2824 1330 2889 domus

212 2926 267 2988 60⁸
287 2923 424 2988 ducatos
441 2923 554 3002 solvit;
572 2924 663 3001 item,
685 2927 717 2986 la
734 2925 891 2987 februarii
911 2924 1007 3000 1518,
1028 2923 1232 3010 sepulturam
1254 2936 1329 2987 ante

210 3047 345 3110 parvum
362 3022 463 3086 altare
479 3022 624 3110 ligneum
641 3022 731 3086 navis
748 3047 764 3086 a
781 3034 873 3109 parte
889 3022 966 3085 ostii
982 3020 1178 3109 designavit,
1198 3045 1257 3108 pro
1272 3046 1331 3108 pa-

210 3120 356 3184 vimento
374 3119 554 3184 reficiendo
575 3132 707 3184 centum
727 3120 829 3184 libras
848 3119 994 3197 donavit,
1017 3143 1235 3210 magnamque
1254 3120 1330 3183 Mis·

212 3243 279 3282 sam
301 3242 374 3282 cum
390 3221 438 3282 De
458 3217 632 3306 profundis
652 3231 684 3281 et
705 3219 863 3282 Oratione
883 3230 959 3305 post
976 3218 1186 3282 Nativitatem
1207 3217 1331 3281 Pascha

212 3330 244 3380 et
260 3319 482 3381 Pentecosten
499 3316 660 3380 instituit:
676 3328 755 3380 tunc
772 3341 806 3380 se
823 3339 954 3403 semper
970 3315 1003 3378 in
1018 3316 1161 3379 Navarra
1177 3339 1332 3403 perman-

212 3439 325 3479 surum
345 3413 575 3502 opinabaturl.

247 3632 272 3680 1.
294 3627 433 3688 Horawitz,
451 3646 476 3697 p.
494 3629 537 3680 97.
555 3627 695 3679 Rhenanus
709 3626 835 3678 scribebat
852 3628 880 3696 (8
891 3625 951 3695 julii
967 3626 1049 3695 1517)
1067 3625 1173 3677 Erasmo
1187 3622 1329 3676 elucida-

211 3699 314 3752 torium
329 3698 445 3769 imprimi
459 3716 473 3749 a
488 3697 623 3749 Frobenio
642 3730 676 3738 —
691 3698 722 3749 V.
740 3697 848 3749 Durand
869 3697 901 3748 de
916 3698 992 3757 Laut,
1008 3698 1029 3757 l,
1047 3699 1107 3750 184.
1123 3728 1158 3736 —
1173 3695 1331 3748 Praecedens

210 3770 298 3823 Caroli
312 3769 334 3818 V
349 3769 516 3821 confessarius
534 3776 588 3822 erat
604 3771 737 3842 episcopus
751 3769 892 3830 Osmcnsis,
913 3772 991 3822 1525.
1012 3800 1048 3808 —
1068 3768 1232 3821 Clichtoveus
1247 3767 1331 3820 noluit

210 3861 224 3894 a
239 3842 342 3894 Parisiis
355 3841 431 3910 longe
448 3842 542 3893 vivero.

246 3917 272 3967 2,
294 3912 442 3974 Chevillier,
460 3915 521 3975 413,
538 3914 652 3984 Leunoy‚
670 3915 731 3968 676.
746 3912 812 3965 Vide
825 3912 857 3965 ad
869 3929 968 3964 annum
983 3913 1061 3964 1521.
