3098 5422
681 436 860 477 -ΧΧΧ-

252 550 419 612 Sermones
430 548 533 609 hahiti
542 549 574 608 in
583 548 608 610 S
608 548 712 630 ynodo
721 548 893 631 episcopali
903 547 1101 608 Carnotensi.
1116 583 1147 592 —-
1158 548 1243 607 Inter

214 647 390 724 Sermones,
408 649 493 720 1550,
511 668 541 727 p.
556 647 626 707 663.
1263 728 1332 780 1525

248 869 296 930 De
311 869 514 930 Sacramento
531 869 753 931 Eucharistiae
768 876 875 929 contra
894 867 1187 950 OEcolarnpadiurn.
1204 903 1242 914 ·-

212 967 350 1048 Epistola
372 967 560 1027 dedicatoria
586 966 760 1028 Cliehtovei
787 969 821 1027 L.
846 966 1029 1040 Guilliardo‚
1057 966 1241 1026 Carnutensi

211 1066 367 1146 episcopo,
386 1086 424 1124 ex
442 1065 577 1125 Parisiis,

210 1182 243 1236 V.
262 1182 295 1234 H.
319 1185 378 1237 176.
401 1181 494 1249 Paris,
511 1182 576 1237 Sim.
591 1182 819 1252 Colinaeusfflibl.
838 1189 891 1236 nat.
908 1182 942 1236 D.
960 1185 1039 1242 5827,
1056 1181 1090 1233 D.
1109 1181 1217 1250 30345).

1122 1253 1243 1314 91555115
1263 1263 1331 1314 1527

245 1374 279 1382 -
318 1345 378 1396 180.
400 1341 531 1403 Coloniae,
547 1343 576 1394 P.
595 1342 707 1408 Quontel
722 1343 801 1414 (Bibl.
816 1351 868 1395 nat.
886 1343 920 1397 D.
937 1342 1045 1412 30345).
1175 1343 1241 1394 1527

253 1487 479 1570 Compendium
504 1488 673 1549 veritatum
705 1487 747 1548 ad
772 1486 868 1569 sidem
885 1484 1170 1568 pertinentium...
1204 1504 1243 1544 ea

211 1584 304 1647 dictis
320 1593 349 1647 et
363 1587 442 1647 actis
457 1585 490 1646 in
508 1586 640 1646 concilio
657 1584 842 1648 Senonensi.
861 1620 899 1630 -
916 1583 1053 1665 Epistola
1067 1581 1242 1642 Cliehtovei

211 1683 250 1743 ad
268 1684 464 1744 Franciscum
481 1685 493 1743 Ι
509 1705 626 1763 regem,
647 1685 734 1744 1529.

212 1798 244 1850 V.
263 1800 297 1853 H.
320 1803 380 1854 181.
398 1801 489 1862 Paris,
507 1800 572 1853 Sim.
590 1800 735 1853 Colinueus.
1088 1796 1240 1867 lseptemb.
1263 1799 1331 1849 15211

251 1943 312 2022 w
335 1941 442 2003 Codes
452 1942 628 2003 orationum
641 1942 675 2002 S.
693 1941 927 2023 Euphemiae,a
941 1941 1120 2012 1517-1529,
1131 1939 1243 2000 5155-

212 2040 282 2100 noio
297 2039 422 2102 citatus.
439 2077 477 2084 -
493 2040 581 2119 Regii
594 2040 749 2100 Navarrae
765 2039 925 2120 Gymnasii
941 2038 1095 2098 Pariensis
1113 2037 1242 2097 historia

212 2139 316 2220 (1732)
332 2139 412 2219 Opp.
431 2139 483 2211 IV,
500 2160 531 2219 p.
550 2138 584 2211 1⁰,
603 2160 634 2219 p.
651 2139 726 2199 399:
747 2162 761 2194 ι(
779 2135 905 2197 Ecinde
919 2144 1122 2197 asservantur
1138 2135 1171 2195 in
1189 2134 1241 2194 Bi-

212 2234 367 2296 bliotlteca
385 2235 493 2318 repiae
511 2234 621 2296 domus
639 2235 813 2296 Cliehtovei
826 2234 938 2316 plures
954 2255 1028 2294 mss.
1050 2233 1171 2293 codices
1188 2231 1245 2292 ubi

211 2332 317 2394 videre
329 2342 374 2395 est
386 2355 438 2394 eas
448 2332 718 2410 lectionesomnes‚
730 2354 809 2416 quas
821 2331 871 2392 die
882 2332 1018 2394 Sanctae
1032 2332 1063 2391 E
1065 2330 1242 2413 uplterniae,

211 2431 302 2492 annis
317 2433 401 2505 1517,
423 2433 507 2505 1519,
528 2433 614 2505 1520,
635 2435 721 2505 1521,
741 2432 930 2504 1522,1523,
950 2431 1035 2503 1521,
1052 2431 1139 2505 1525,
1155 2430 1240 2502 1526,

214 2530 299 2603 1527,
326 2531 411 2603 1528,
441 2531 517 2590 1529
537 2529 679 2607 tradidit,
697 2551 769 2590 curn
785 2528 921 2591 Carnoto
944 2528 993 2590 vel
1006 2526 1135 2589 aliunde
1157 2548 1243 2588 acce-

211 2626 307 2688 debat
324 2627 492 2705 Lutetiam,
511 2634 544 2689 ut
564 2627 719 2688 librorum
733 2649 864 2688 suorum
885 2626 1017 2687 editioni
1038 2632 1173 2702 5555551,
1192 2626 1242 2686 551

211 2725 321 2806 forsan
338 2733 370 2786 ut
379 2747 440 2807 pro
456 2747 540 2786 inore
546 2748 564 2807 J
571 2749 606 2786 us
621 2726 824 2786 honorarium
838 2731 1093 2807 consequeretur.
1112 2749 1126 2781 »
1280 2806 1332 2858 529

1263 2808 1276 2857 1

252 2937 449 3020 Improbatio
471 2938 680 3022 quorumdam
699 2938 903 3000 articulorum
925 2938 1058 2999 Martini
1078 2937 1242 2998 Lutlteria

212 3037 342 3098 55511515
359 3036 521 3098 Catltolica
537 3037 769 3114 dissidentium,
786 3043 816 3098 et
831 3036 864 3096 in
879 3035 1017 3119 quodam
1033 3035 1114 3096 libro
1129 3034 1246 3118 pallico

213 3135 270 3218 qui
293 3135 343 3195 tic
370 3134 539 3196 discutitur
567 3136 707 3216 (anctore
734 3134 848 3218 Georq.
874 3133 1057 3216 Hallouino)
1082 3156 1142 3194 non
1167 3134 1244 3195 satis

213 3240 320 3293 ecacte
344 3254 400 3293 nec
424 3242 507 3295 recte
531 3235 800 3316 impuqnatorum.
828 3268 866 3278 -
894 3233 1031 3313 Epistola
1054 3233 1244 3293 dedicatoria

213 3331 387 3391 Cliehtovei
402 3331 573 3406 Guillardo,
592 3353 629 3392 ex
645 3331 792 3392 Carnoto.

215 3448 309 3509 Paris,
327 3447 391 3500 Sim.
409 3449 545 3505 Colinaeus
556 3449 637 3518 (Bibl.
652 3457 717 3511 nat,
734 3450 826 3519 5827).
1032 3446 1105 3499 Nona
1119 3447 1162 3501 die
1174 3447 1244 3518 junii
1264 3449 1333 3500 1533

252 3590 299 3652 De
316 3590 464 3651 laudibus
480 3591 576 3652 trium
588 3590 793 3674 antiquorum
808 3591 953 3668 Petrum,
973 3591 1092 3672 loseph
1104 3590 1244 3672 patriar-

213 3688 301 3766 cliae,
320 3688 426 3751 David
436 3689 522 3772 repis
533 3697 562 3750 et
580 3688 676 3750 Tohie
690 3711 768 3771 opus
784 3689 938 3771 trifidum.
952 3689 1141 3771 —Epistola
1156 3689 1243 3748 dedi-

214 3787 331 3847 catoria
348 3787 522 3848 Cliehtovei
540 3788 618 3848 Lud.
638 3787 820 3857 Guilliardo,
837 3809 874 3848 ex
890 3788 1037 3848 Carnoto.

213 3902 245 3954 V.
264 3903 299 3958 H.
317 3907 377 3958 188.
399 3905 492 3967 Paris„
516 3905 581 3958 Sim.
605 3905 741 3970 Colinaeus
766 3904 846 3974 (Bibl,
876 3912 929 3959 nat.
955 3904 1027 3970 RtH.
1057 3907 1135 3965 1077,
1165 3907 1243 3966 1162,

448 3985 516 4039 Bibl.
533 3984 616 4056 Capit.
632 3984 738 4037 Carnot.
1161 3984 1246 4054 1julii
1267 3985 1334 4037 1533

253 4125 420 4188 Sermones
436 4125 513 4186 tud.
535 4125 710 4187 Cliclttovei
722 4125 980 4208 Neoportuensis.
999 4161 1034 4172 —
1053 4126 1190 4208 Epistola
1205 4125 1243 4185 ad

214 4224 406 4299 Lassereum,
430 4227 464 4283 18
480 4224 558 4284 sehr.
575 4231 605 4284 et
619 4224 677 4284 alia
693 4225 841 4298 Lasserei,
860 4228 897 4283 28
908 4225 1025 4305 aprilis,

213 4341 306 4404 Puris,
323 4341 440 4394 Yolande
454 4341 618 4394 Bonhommo
631 4341 743 4411 (Samio.
757 4341 877 4413 Carnot).
1264 4341 1332 4393 1534

212 4422 244 4473 V.
263 4422 297 4474 H.
320 4425 380 4477 199.
403 4422 495 4484 Paris..
1174 4424 1242 4474 1535

248 4534 281 4542 -
320 4505 381 4556 202.
403 4501 533 4564 Coloniae,
550 4502 693 4555 Eucherius
708 4502 879 4556 Cervicornus
891 4503 935 4572 (B.
952 4502 1012 4556 Car.
1026 4503 1134 4572 25188).
1175 4503 1241 4554 1547

247 4613 282 4623 -
319 4586 379 4639 201.
402 4583 495 4644 Ρ5515.,
512 4583 623 4636 loannes
637 4584 668 4636 do
683 4585 793 4654 Ruiguy,
810 4584 874 4638 Ant.
890 4583 991 4638 Jurien.
1176 4585 1241 4635 1547
