3074 5422
684 448 862 510 -ltll—

254 586 297 649 Ut
313 583 446 660 amicos,
461 583 507 645 sic
523 583 698 670 opiniones
711 583 914 647 indoctrinis
928 583 1134 659 secundariis
1151 598 1332 651 mutaverat

218 682 441 747 Clichtoveus

254 779 343 844 Olim
359 780 556 866 probaverat
571 780 714 843 Fabrum
734 779 812 842 dum
835 779 976 844 Bibliam
992 805 1032 844 ex
1051 781 1198 845 textibus
1220 781 1331 846 latinis

211 890 264 940 aut
284 876 414 967 graecis
430 877 630 966 corrigebat,
652 877 910 966 Apologiamque
930 881 1000 965 ejus
1020 879 1082 942 hae
1098 878 1138 941 de
1159 903 1194 942 re
1217 879 1250 943 in
1267 882 1332 944 Co-

210 975 282 1039 dice
315 975 521 1039 Mazarinaeo
553 988 795 1062 composuerat.
832 975 874 1039 At
907 976 1066 1063 deinceps
1102 976 1331 1042 Clichtoveum

209 1072 305 1137 istius
333 1073 513 1161 Apologiae
538 1072 722 1160 poenituit:
747 1086 780 1136 et
799 1074 858 1136 has
879 1075 1017 1161 phrases
1038 1074 1071 1137 in
1095 1075 1244 1166 margine
1265 1079 1329 1141 Co·

209 1171 293 1234 dicis
314 1171 499 1235 successive
515 1171 666 1258 scripsit:
680 1172 771 1258 prior
786 1171 1038 1235 haesitationem
1050 1171 1192 1236 indicat:
1210 1201 1227 1236 a
1243 1177 1330 1239 Haec

209 1269 381 1356 sequentia
413 1293 487 1333 cum
508 1268 661 1357 diligenti
683 1281 715 1332 et
742 1281 855 1332 exacto
877 1269 1004 1357 judicio
1030 1283 1106 1333 sunt
1136 1270 1276 1360 legenda
1297 1286 1330 1337 et

209 1366 279 1430 sine
290 1365 409 1431 affectu
421 1367 454 1430 in
464 1366 606 1455 aliquam
615 1391 811 1454 personam:
827 1367 895 1431 sola
904 1368 1025 1431 veritas
1036 1369 1070 1431 in
1080 1368 1146 1432 illis
1160 1371 1331 1457 sequenda

209 1479 241 1530 et
267 1467 425 1531 tenenda.
459 1468 667 1532 »Posterior
697 1467 829 1555 plenam
854 1469 1125 1533 retractationem
1156 1471 1328 1536 continet:

211 1593 227 1627 a
241 1565 413 1654 Quidquid
422 1566 455 1629 iu
466 1567 530 1629 hoc
541 1565 717 1630 tractatulo
729 1565 851 1630 dicitur
868 1591 988 1657 magno
1004 1581 1054 1631 est
1070 1568 1221 1632 examine
1232 1571 1331 1634 truti-

209 1663 368 1740 nandum,
381 1687 488 1751 neque
500 1663 533 1726 id
543 1676 631 1727 certe
646 1665 943 1728 commendandum
955 1678 1011 1728 aut
1021 1666 1231 1753 probandum
1241 1669 1330 1756 quod

209 1773 447 1825 commentator
467 1760 523 1825 ille
539 1775 687 1825 nostram
708 1761 960 1825 translationem
980 1763 1107 1827 Bibliae
1129 1764 1162 1826 in
1179 1765 1330 1853 epistolis

209 1861 247 1922 Β.
264 1859 356 1923 Pauli
373 1883 413 1922 ex
432 1883 552 1948 graeco
567 1860 710 1924 voluerit
726 1861 900 1951 castigarc.
918 1886 934 1921 >›
950 1861 1046 1943 Quod
1062 1863 1186 1949 repetit
1201 1863 1330 1929 ironice

210 1958 244 2020 in
262 1959 297 2020 S.
311 1958 502 2044 Hieronymi
519 1957 650 2045 elogio:
671 1985 687 2019 a
701 1958 889 2022 luconsulte
908 1958 1074 2022 saciuntet
1089 1984 1177 2024 nune
1194 1962 1329 2049 quidam

211 2055 416 2131 Graecaniei‚
436 2055 492 2142 qui
509 2055 690 2119 moliuntur
713 2056 810 2119 nobis
823 2056 951 2143 aliquot
966 2056 1071 2120 libros
1087 2071 1142 2121 aut
1157 2061 1196 2124 V.
1216 2073 1271 2123 aut
1286 2063 1326 2126 N.

210 2155 298 2217 Test.
318 2177 358 2216 ex
366 2177 486 2244 gracco
498 2167 553 2218 aut
566 2155 712 2218 hebraeo
729 2155 762 2218 in
780 2154 917 2217 latinum
930 2167 1075 2218 vertere:
1094 2157 1251 2243 quoniam
1273 2158 1328 2222 illa

207 2251 314 2315 versio
335 2275 471 2338 prorsus
491 2252 620 2316 inutilis
641 2264 702 2326 est,
721 2264 753 2314 et
774 2251 875 2314 solam
896 2252 1058 2316 inducens
1079 2253 1328 2319 fluctuationem

208 2349 324 2412 animis
336 2349 517 2440 legentium
529 2363 667 2437 propter
682 2350 940 2437 discrepantiam
957 2375 972 2413 a
992 2352 1119 2441 vulgari
1136 2353 1294 2423 editione,
1311 2382 1326 2416 »

252 2450 334 2511 ltem
374 2449 532 2534 reprobat
566 2447 793 2511 traductiones
832 2448 866 2511 in
902 2448 1015 2536 lingua
1052 2450 1225 2515 vernacula
1260 2453 1328 2517 sive

212 2545 403 2632 Scripturae
420 2546 487 2608 sive
497 2570 631 2632 precum
653 2545 897 2633 liturgicarum:
917 2574 933 2609 «
948 2548 1120 2634 Capacitas
1136 2550 1255 2613 mentis
1273 2551 1329 2614 lai·

208 2667 321 2707 corum
339 2643 431 2707 nullo
456 2655 553 2731 pacto
574 2643 738 2733 attingere
762 2645 885 2731 poterit
904 2669 1048 2734 unquam
1070 2647 1210 2711 sublima
1231 2673 1327 2713 sensa

208 2753 239 2804 et
254 2740 513 2830 intelligentiam
530 2740 561 2804 in
579 2766 672 2805 sacra
687 2741 874 2806 divinorum
891 2743 1091 2807 voluminum
1110 2745 1231 2837 pagina
1252 2771 1327 2810 con·

205 2851 372 2902 tentam...
397 2839 432 2902 Si
449 2841 489 2903 ab
499 2839 710 2904 incunabulis
726 2841 849 2904 versati
870 2841 904 2904 in
926 2841 1058 2929 linguae
1077 2842 1198 2906 latinae
1215 2844 1326 2908 studio

207 2949 237 3000 et
252 2937 501 3000 commentariis
521 2950 652 3025 patrum
672 2937 931 3001 orthodoxorum
947 2939 1063 3026 adjuti,
1080 2941 1326 3006 ecclesiasticae

206 3034 1323 3124 professionisviri‚vixbeneintelligerepossentsublimiasensa...

208 3157 349 3221 quonam
382 3146 478 3220 pacto
510 3151 743 3222 assequeretur
777 3159 848 3198 eam
879 3135 960 3199 rude
984 3136 1103 3225 vulgus
1133 3149 1165 3200 et
1193 3137 1325 3225 imperi·

203 3242 285 3306 tum,
305 3230 396 3293 nullo
412 3243 488 3294 aute
500 3231 630 3295 divinae
645 3232 799 3296 lectionis
814 3233 923 3296 studio
937 3234 1153 3298 exercitatum
1167 3248 1224 3298 aut
1235 3260 1325 3299 com-

203 3329 296 3392 tariis
327 3328 486 3415 adjutum.
515 3329 614 3394 Nullo
643 3330 843 3417 penitus1...
865 3357 880 3391 u
906 3334 947 3395 Et
975 3332 1189 3420 praevidebat
1222 3333 1325 3397 laicos

204 3426 387 3490 Bibliarum
406 3428 640 3491 translatarum
661 3428 815 3506 lectores,
842 3453 916 3492 mox
942 3430 1207 3517 praedicatorum
1233 3456 1325 3496 more

204 3537 346 3602 acturos,
370 3537 401 3587 et
426 3549 520 3588 suum
540 3527 713 3613 proprium
739 3551 873 3591 sensum
895 3529 1006 3591 sensui
1023 3529 1324 3593 ecclesiasticorum

203 3623 242 3686 ab
258 3621 396 3686 infantia
408 3623 442 3686 in
454 3623 564 3687 studio
581 3624 766 3688 litterarum
784 3625 984 3689 nutritorum
1007 3651 1081 3690 mox
1103 3628 1321 3715 praelaturos,

204 3720 292 3808 ipsas
309 3719 447 3784 feminas
463 3722 526 3784 hoc
542 3723 771 3812 magisterium
786 3724 883 3787 citius
899 3725 1144 3812 usurpaturas².
1361 3720 1363 3724 Α

247 3817 313 3900 Qui
345 3818 422 3881 olim
454 3818 677 3912 contendebat
712 3821 901 3907 Scripturas
932 3822 1144 3910 explicandas
1180 3847 1253 3887 csse
1285 3849 1324 3887 ex

204 3928 358 3980 contextu
379 3928 410 3979 et
431 3916 571 3995 ratione,
590 3942 656 3980 non
673 3943 713 3982 ex
734 3919 939 3994 'l'raditione
966 3933 1081 4008 postea
1102 3921 1215 3984 docuit
1235 3923 1324 4008 ipsas

205 4038 241 4077 ex
263 4013 456 4078 Traditione
475 4013 709 4079 illustrandas:
736 4043 752 4077 a
775 4016 840 4099 Qui
860 4030 985 4081 rectum
1008 4035 1191 4106 exposcunt
1215 4043 1323 4083 sacra-

203 4134 274 4175 rum
291 4111 474 4175 litterarum
492 4137 638 4190 sensum,
659 4138 724 4176 non
741 4138 815 4177 eum
832 4139 868 4178 ea
884 4116 1010 4203 proprii
1028 4116 1129 4180 animi
1146 4118 1322 4194 sententia,

205 4209 261 4272 sed
277 4233 317 4272 ex
328 4210 538 4297 antiquorum
553 4213 687 4274 Parrum
704 4214 929 4276 monumentis
945 4213 1116 4277 litterariis
1128 4214 1324 4302 depromere

240 4406 266 4454 1.
287 4402 546 4474 Propagnaculum‚
563 4423 619 4475 cap.
635 4424 699 4456 xvu.

239 4476 264 4525 2.
285 4475 351 4526 Item
367 4475 457 4528 Petrus
473 4475 551 4527 Sutor
565 4495 628 4546 opus
645 4477 676 4527 ad
694 4477 866 4546 reprobandus
886 4498 962 4529 novas
982 4481 1155 4532 traductiones
1169 4481 1324 4551 composuit.

208 4543 331 4605 Sorbona,
346 4553 374 4596 ut
389 4547 491 4598 videtur
506 4547 531 4597 in
547 4547 711 4616 d'Argentrt'2‚
728 4549 773 4607 Ill,
794 4552 819 4607 6.
840 4550 1019 4602 condemnavit
1036 4552 1208 4604 traductiones
1226 4553 1324 4604 ratione

210 4633 326 4668 errorum
341 4625 385 4669 aut
399 4618 573 4687 periculorum
586 4619 680 4670 erroris
694 4640 699 4679 ;
717 4621 855 4690 quamdam
870 4625 902 4674 30
919 4623 1088 4676 murtis1530
1107 4623 1232 4694 permisit.
