3074 5422
677 440 855 499 -115-

206 574 324 655 private
346 594 402 654 pro
425 573 590 644 defunctis,
608 579 639 632 et
659 571 887 632 distribuantur
908 574 1112 654 quadraginta
1132 576 1223 635 solidi
1239 583 1326 636 turo-

205 682 313 722 nenses
329 662 423 723 etiam
440 661 626 742 pauperibus
644 661 674 719 in
690 661 930 743 eleemosynam.

244 751 323 810 Cum
348 772 422 810 vero
442 750 536 809 luerit
555 749 698 809 evolutus
715 772 812 810 annus
830 751 982 832 integere
1004 752 1053 812 die
1073 753 1176 815 obitus
1195 755 1255 814 mei
1273 761 1327 814 aut

205 841 340 913 circiter,
361 847 473 921 expeto
492 847 565 898 tunc
583 839 674 898 etiam
691 840 837 919 exequias
856 862 956 900 annue
980 841 1184 902 revolutionis
1205 864 1262 923 pro
1277 864 1326 902 me

205 928 353 989 celebrari
370 930 400 987 in
416 929 512 988 choro
530 928 659 988 ecclesie
677 929 922 989 Sancti-Andrce
936 951 1005 989 cum
1020 933 1284 1012 representatione
1295 939 1326 991 et

204 1018 295 1099 pulsu
308 1019 438 1077 solemni
453 1025 484 1077 et
499 1017 642 1076 luminari
659 1018 789 1077 honesto
802 1040 856 1098 per
866 1018 997 1097 Vigilias
1011 1020 1219 1094 Mortuorum,
1234 1021 1326 1080 Com-

203 1108 416 1168 mendationes
437 1108 606 1166 animarum
629 1114 659 1166 et
674 1107 797 1166 missam
814 1106 981 1167 solemnem
1005 1109 1042 1168 de
1057 1109 1222 1183 defunctiS,
1245 1111 1328 1170 sicut

203 1197 234 1255 in
251 1197 391 1277 exequiis
406 1204 514 1256 octave
529 1195 590 1255 diei
606 1217 621 1254 a
636 1203 735 1256 morte
751 1217 829 1269 mea,
847 1218 981 1277 proquo
997 1200 1100 1259 officio
1115 1220 1215 1259 annue
1233 1220 1326 1258 revo-

204 1286 331 1346 lutionis
353 1294 546 1345 mortuorum
570 1284 673 1344 debite
693 1285 889 1359 celebrando,
918 1286 1028 1346 ordino
1043 1309 1098 1368 per
1112 1310 1198 1349 meos
1217 1309 1328 1348 execu-

204 1383 288 1435 tores
309 1374 474 1434 tradendas
496 1395 562 1434 esse
582 1375 777 1454 procuratori
800 1374 928 1434 ecclesie
952 1376 1199 1437 Sancti-Andree
1219 1377 1326 1437 decem

204 1464 298 1524 libras
315 1471 507 1536 turonenses
528 1464 566 1522 ad
587 1462 740 1522 faciendas
757 1463 994 1524 distributiones
1012 1467 1178 1540 canonicis,
1199 1467 1324 1539 curatis,

203 1553 327 1613 vicariis
347 1561 378 1612 et
399 1553 564 1633 capellanis
583 1553 635 1633 qui
655 1552 829 1612 assisterint
848 1553 947 1613 eidem
969 1555 1071 1614 officio
1091 1563 1122 1615 et
1142 1556 1254 1616 ceteris
1269 1577 1327 1635 pro

204 1663 290 1702 more
302 1650 461 1713 consueto,
473 1649 503 1700 et
514 1642 606 1701 etiam
617 1641 656 1699 ad
668 1640 904 1720 persolvendam
916 1642 1119 1722 pulsationem
1134 1652 1165 1705 et
1175 1645 1327 1705 luminare

205 1730 287 1790 illius
307 1731 411 1791 ollicii.
433 1730 639 1790 Celebrantur
656 1730 774 1803 itidem,
795 1731 903 1790 eodem
923 1730 973 1791 die
990 1732 1194 1794 revolutionis
1213 1735 1324 1807 anime,

205 1820 235 1877 in
251 1819 356 1879 eadem
376 1818 504 1879 ecclesia
520 1819 624 1878 Sancti
640 1818 774 1892 Andree,
795 1819 997 1900 quadraginta
1019 1822 1114 1883 Misse
1129 1824 1250 1903 private
1270 1844 1327 1904 pro

205 1908 370 1979 defunctis
389 1915 420 1967 et
435 1908 662 1967 distribuantur
677 1908 881 1988 quadraginta
895 1909 984 1968 solidi
1005 1918 1188 1972 turonenses
1211 1933 1327 1993 paupe-

206 1998 290 2057 ribus
308 1998 338 2056 in
355 1997 562 2078 elemosynam
578 1997 616 2055 ad
629 1997 874 2057 sublevationem
890 1999 990 2059 anime
1006 2021 1085 2061 mee.

244 2086 392 2146 Preterea
410 2086 467 2166 ipsi
484 2086 642 2166 sepulture
658 2087 797 2166 corporis
813 2087 872 2146 mei
885 2095 967 2167 peto,
982 2109 1019 2147 ex
1028 2089 1175 2150 benivolo
1188 2090 1325 2149 omnium

206 2197 366 2248 consensu,
387 2176 552 2256 superponi
569 2196 675 2234 saxum
692 2174 885 2255 sepulchrale
905 2177 1003 2255 ligure
1021 2179 1277 2258 quadrangularis
1289 2200 1328 2238 ex

206 2265 310 2325 tumba
333 2263 463 2343 lapidea,
487 2264 569 2344 quod
589 2264 698 2323 habeat
714 2265 745 2322 in
761 2265 863 2324 medio
885 2286 983 2324 meam
1002 2269 1137 2346 effigiem
1157 2268 1326 2328 secundum

206 2355 327 2414 schema
343 2361 373 2412 et
387 2354 515 2413 sormam
528 2354 667 2412 canonici
683 2354 885 2434 exsculptam,
897 2362 927 2414 et
941 2356 971 2413 in
985 2358 1180 2416 extremitate
1193 2358 1327 2417 circum-

205 2464 327 2524 quaque
349 2463 461 2501 nomen
487 2463 660 2519 cognomen
682 2451 713 2502 et
733 2450 849 2502 statum
870 2444 1018 2517 defuncti,
1037 2467 1107 2505 cum
1128 2447 1326 2506 annotatione

204 2532 275 2591 anni
285 2531 386 2591 etdiei
397 2531 500 2591 obitus
510 2532 579 2605 mei,
591 2533 853 2612 quemadmodum
869 2533 899 2591 in
911 2533 977 2592 aliis
993 2535 1074 2593 saxis
1090 2534 1210 2595 tumulo
1222 2555 1328 2616 super-

204 2621 278 2701 poni
294 2621 393 2679 solitis
406 2621 471 2680 fieri
488 2629 534 2680 est
549 2630 742 2695 consuetum,
762 2629 795 2680 ut
811 2622 892 2681 illius
906 2644 972 2682 mec
989 2624 1185 2702 effigiationis
1199 2632 1326 2704 aspectu

203 2710 466 2790 etcircumpositu
478 2711 655 2790 escripture
671 2711 802 2771 lectione
819 2711 988 2770 incitentur
999 2710 1131 2772 lectores
1146 2713 1248 2772 adme
1263 2715 1327 2773 suis

203 2799 349 2880 precibus
360 2799 593 2872 sublevandum,
610 2808 641 2859 et
655 2801 805 2859 orandum
822 2801 1004 2882 suppliciter
1014 2823 1070 2882 pro
1081 2803 1179 2883 salute
1191 2824 1226 2862 ac
1239 2803 1326 2861 resri-

204 2910 292 2968 gerro
308 2909 408 2947 anime
421 2910 498 2948 mee.

244 2977 356 3037 Preter
369 2978 427 3036 hec
440 2986 542 3038 autem
555 2979 693 3058 predicta
705 3000 774 3037 cum
786 2980 908 3039 alluerit
919 2981 1146 3060 opportunitas,
1162 2988 1234 3061 peto
1245 2981 1327 3061 apud

202 3066 341 3125 Parisios
356 3065 503 3126 celebrari
516 3088 571 3146 pro
582 3088 657 3126 mea
674 3088 757 3126 sacra
776 3068 934 3128 Facultate
945 3069 1123 3148 Theologie,
1137 3070 1187 3129 cui
1195 3069 1326 3150 jampri-

202 3155 274 3215 dem
298 3176 364 3214 sum
380 3156 542 3236 ascriptus,
562 3177 653 3215 unam
673 3157 797 3216 missam
819 3156 988 3217 solemnem
1011 3158 1049 3218 de
1069 3159 1223 3218 defunctis
1244 3159 1327 3238 apud

204 3244 419 3304 Mathurinos:
435 3266 491 3325 pro
511 3267 569 3324 qua
590 3244 772 3304 celebranda
793 3247 902 3306 ordino
923 3247 1048 3306 cuilibet
1064 3248 1146 3306 illius
1160 3248 1327 3307 Facultatis

203 3334 326 3393 doctori
339 3333 484 3413 theologo
500 3335 552 3415 qui
568 3335 713 3394 alluerint
727 3335 770 3394 illi
786 3335 880 3395 Misse
897 3336 1014 3395 dandos
1032 3337 1263 3396 csseduodecim
1275 3337 1327 3396 de·

203 3423 309 3482 uarios
332 3430 515 3482 turonenses
537 3431 569 3482 et
589 3424 683 3483 ceteri
708 3424 868 3484 solventur
888 3446 973 3484 more
994 3425 1097 3484 solito.
1119 3462 1157 3470 -
1176 3427 1210 3485 ln
1233 3426 1326 3506 regali

204 3513 297 3572 etiam
309 3511 441 3590 collegio
451 3513 586 3572 Navarre
595 3513 677 3593 apud
690 3513 833 3586 Parisios,
850 3535 865 3572 a
876 3515 1030 3591 magistris
1042 3524 1072 3574 ct
1086 3515 1233 3575 bursariis
1246 3516 1327 3594 ejus-

204 3602 274 3661 dem
287 3601 409 3672 domuS,
424 3608 496 3681 pcto
506 3623 561 3681 pro
570 3624 618 3661 me
630 3602 827 3662 celebrandas
839 3624 904 3662 esse
913 3603 1043 3682 Vigilias
1054 3612 1246 3664 mortuorum
1256 3626 1326 3664 cum

205 3690 535 3750 Commendationibus
550 3692 722 3750 animarum
739 3699 769 3750 et
785 3693 876 3750 missa
898 3692 1027 3751 solemni
1044 3693 1082 3752 dc
1097 3693 1271 3765 defunctis;
1288 3694 1327 3752 ad

204 3779 289 3860 quod
305 3779 362 3838 rite
374 3780 589 3858 exequendum
605 3781 714 3839 ordino
731 3781 897 3840 tradendas
912 3781 971 3839 illis
988 3803 1053 3840 esse
1065 3783 1157 3841 etiam
1169 3804 1223 3841 sex
1233 3782 1327 3842 libras

204 3876 389 3929 turonenses
407 3869 636 3928 distribuendas
651 3869 711 3928 illis
727 3871 884 3948 magistris
900 3878 929 3929 et
946 3870 1093 3930 bursariis
1108 3871 1160 3950 qui
1180 3871 1328 3931 interlue-

205 3959 269 4017 rint
279 3957 324 4015 illi
335 3958 449 4017 officio.
459 3995 496 4002 —
507 3959 647 4037 Denique
659 3959 689 4017 in
699 3959 941 4018 celebratissimo
952 3960 1084 4038 collegio
1095 3960 1234 4019 Sorbone
1245 3961 1327 4040 apud

206 4047 341 4106 Parisios
355 4046 455 4126 (cujus
467 4068 533 4106 sum
543 4047 729 4127 jampridem
747 4048 860 4129 socius)
873 4049 996 4128 postulo
1008 4050 1098 4108 etiam
1115 4049 1264 4109 celebrari
1277 4049 1327 4109 die

207 4135 311 4217 aliquo
331 4137 545 4209 conveniente,
564 4158 580 4195 a
598 4137 690 4196 sociis
706 4145 737 4196 et
752 4138 899 4197 bursariis
913 4139 1051 4218 predicte
1067 4138 1186 4211 domus,
1201 4138 1328 4219 Vigilias

208 4232 414 4296 mortuorum,
433 4225 718 4286 commendationes
734 4227 904 4286 animarum
922 4236 953 4286 et
967 4228 1089 4287 missam
1106 4227 1274 4286 solemnem
1290 4227 1328 4287 de

210 4313 379 4382 defunctis;
401 4315 549 4395 adquam
571 4314 810 4375 celebrationem
832 4317 1003 4376 faciendam
1026 4316 1137 4376 ordino
1160 4317 1251 4376 etiam
1276 4337 1330 4375 sex

211 4400 296 4462 libris
315 4425 379 4463 esse
395 4404 634 4484 tradendusque
653 4405 824 4464 secundum
850 4426 966 4464 morem
991 4406 1074 4465 illius
1094 4405 1204 4465 domus
1226 4405 1329 4465 distri-

213 4491 346 4552 buantur
365 4493 455 4552 sociis
470 4493 537 4572 ejus
553 4501 583 4552 et
599 4493 746 4553 bursariis
765 4494 817 4574 qui
834 4494 948 4554 suerint
968 4502 1126 4575 presentes
1142 4493 1202 4554 illis
1221 4495 1330 4556 officiis

216 4581 321 4641 solutis
337 4581 504 4641 solvendis.
