3074 5422
682 839 824 904 CAPUT
849 840 1059 905 TERTIUM.

350 1060 567 1100 CthltTttt'EUS
592 1060 841 1101 autsTOTntrcan
868 1061 1100 1101 rnttosorrtlau
1126 1062 1377 1102 uultovartolttum

558 1159 623 1198 CUM
649 1159 750 1198 FABRO
775 1159 967 1199 STAPULRNSI
995 1160 1175 1201 euouovssr.

351 1358 517 1421 Reum'ata
541 1355 674 1443 quidem
713 1353 953 1441 grammaticali
988 1353 1178 1440 disciplina,
1215 1353 1430 1419 Clichtoveus

309 1479 382 1518 cum
403 1454 511 1517 Fabro
532 1466 679 1516 caeteras
700 1452 855 1515 scientias
876 1453 916 1516 ad
937 1451 1226 1515 Baccalaureatum
1242 1464 1276 1514 et
1295 1451 1429 1516 Artium

307 1552 536 1640 blagistratum
572 1550 760 1638 requisitas.
791 1550 918 1613 scilieet
952 1549 1119 1636 Logieam,
1143 1549 1330 1636 Physicam,
1353 1553 1431 1614 Μο-

306 1650 419 1717 ralem.
447 1648 758 1712 et.·lrith1m=tieam
790 1649 974 1711 instaurare
1001 1648 1128 1710 statuit.
1165 1649 1232 1711 Hae
1269 1648 1430 1713 scientiae

305 1761 384 1811 tuae
405 1771 444 1809 ex
463 1745 843 1833 aristotelicisoperibus
863 1745 1115 1821 hauriebantur,
1134 1744 1253 1808 merito
1275 1744 1427 1832 quidem,

306 1869 380 1908 eum
398 1869 493 1907 urano
514 1868 569 1907 eas
589 1843 768 1907 Aristotele
786 1843 919 1931 plenius
934 1856 966 1906 et
987 1842 1126 1906 solidius
1146 1844 1348 1907 tractaverit.

351 1947 457 2025 Quem
479 1942 713 2030 philosophum
743 1943 850 2004 Faber
873 1953 905 2004 et
931 1940 1143 2005 Clichtoveus
1169 1942 1306 2005 omnino
1331 1943 1429 2007 mira-

307 2041 438 2104 bantur.
463 2039 636 2107 Aristoles.
659 2039 766 2103 aiebat
789 2040 898 2102 Faber
918 2063 1004 2102 anno
1026 2040 1124 2107 ll9l.
1142 2052 1192 2102 est
1223 2040 1289 2102 «in
1320 2039 1429 2129 logica

306 2137 458 2202 rationali
475 2137 724 2207 subtilissiams.
742 2138 775 2199 in
789 2136 999 2225 philosophia
1012 2138 1175 2201 mundana
1192 2136 1429 2224 philosophus,

307 2237 340 2299 in
356 2236 475 2299 ethicis
492 2248 580 2298 totus
595 2234 742 2323 prudeus
755 2248 786 2298 et
798 2237 937 2301 activus.
954 2234 987 2296 in
1002 2234 1429 2322 politicisjurisconsultus,

307 2335 341 2397 iu
363 2334 597 2421 tuetaplnsicis
617 2332 773 2396 sacerdos
794 2346 892 2420 atque
913 2332 1090 2422 theologus
1113 2359 1144 2394 a.
1167 2332 1257 2397 Idem
1278 2332 1319 2397 de
1333 2333 1432 2397 Aris·
1495 2335 1498 2343 ’

307 2431 409 2495 totele
441 2431 604 2494 sentiebat
634 2430 857 2495 Cliehtoreus.
895 2459 912 2491 «
944 2430 1033 2513 Quid
1061 2430 1288 2508 Aristotelem,
1319 2430 1432 2495 aiebat

307 2555 360 2594 au.
388 2531 483 2596 tutu.
501 2553 599 2617 quem
614 2528 732 2593 dubito
748 2529 886 2592 seientia
903 2553 1025 2595 rerum.
1044 2553 1084 2592 an
1101 2529 1301 2616 scriptorum
1316 2529 1428 2618 copia,

306 2652 347 2691 au
364 2626 541 2715 eloquendi
558 2627 729 2693 suavitate.
743 2652 783 2689 an
797 2628 1025 2690 imeutionum
1039 2628 1202 2705 acumine,
1218 2651 1258 2689 an
1269 2628 1431 2692 varietate

306 2749 457 2814 «ipserum.
480 2724 652 2788 clariorem
670 2727 807 2812 petrem?
823 2727 903 2811 Ejus
922 2725 1121 2791 doctrinam.
1139 2725 1239 2813 jactis
1262 2749 1431 2816 gramma-

306 2825 391 2888 ticae
418 2822 654 2889 tiuulamentis.
685 2847 802 2886 tratiaco
832 2823 972 2886 studiosi
998 2827 1139 2910 juvenes
1172 2823 1320 2895 audiant,
1351 2848 1430 2887 eum

309 2920 516 3009 pientissimo
536 2920 659 2987 rolant.
681 2933 712 2984 et
734 2934 890 3007 tauquam
920 2920 1107 2984 litterarum
1135 2933 1306 3008 parentem
1339 2946 1430 2985 sum-

308 3042 396 3082 mum
412 3031 623 3084 venerentur.
654 3043 807 3106 autgrrum
839 3022 968 3105 exejus
995 3018 1183 3105 disciplinis
1203 3031 1292 3082 recte
1325 3018 1431 3082 intel·

307 3116 402 3180 leetis
418 3117 600 3204 protlrtmn
615 3118 824 3181 eortseruturi
835 3117 853 3179 ¹.
869 3144 884 3171 a
903 3119 975 3180 Non
992 3117 1089 3182 aliter
1103 3118 1270 3180 scribebat
1280 3117 1314 3180 in
1330 3141 1432 3204 prae-

308 3213 430 3278 latione
450 3215 490 3278 ad
516 3214 621 3278 libros
644 3218 716 3302 ejus
738 3216 923 3303 Physieos:
959 3246 976 3277 a
1016 3216 1190 3279 Aristoteli
1224 3215 1431 3303 permultum

306 3312 405 3376 debet
426 3338 533 3402 genos
556 3315 736 3377 lrtnrrauum
757 3314 834 3402 quia
849 3312 1046 3402 disciplinas
1072 3328 1150 3378 ante
1183 3338 1218 3377 se
1237 3313 1325 3377 varie
1359 3312 1433 3377 dis-

307 3434 422 3498 perm
442 3412 475 3474 in
493 3435 592 3475 ututur
606 3413 700 3499 quaa
712 3436 834 3499 eorpus
851 3412 1003 3501 singulas
1022 3412 1178 3502 redigere
1189 3412 1347 3502 diguatus
1362 3425 1429 3476 est.

308 3511 422 3597 ltaque
440 3510 496 3597 qui
513 3510 643 3572 discere
659 3510 771 3573 totum
789 3512 877 3573 huuc
898 3511 1142 3597 atriplertantur
1160 3523 1332 3598 oportet...
1359 3509 1433 3574 sive

308 3607 462 3697 hogieae.
480 3608 548 3669 sire
569 3608 741 3695 l‘lnsieae.
766 3608 834 3671 sire
851 3606 988 3672 Ethieae
1008 3608 1116 3672 tradat
1132 3621 1320 3696 praecepta.
1338 3610 1432 3672 Con·

307 3705 433 3768 tiuuata
448 3706 573 3794 ubique
593 3719 641 3769 est
658 3705 810 3769 doctrina
829 3720 860 3769 et
877 3706 919 3769 ab
939 3707 1022 3795 ipsis
1037 3707 1233 3794 primordiis
1257 3732 1366 3770 rerum
1386 3707 1432 3771 ad

307 3802 405 3866 tinem
422 3827 527 3892 usque
548 3803 705 3891 ,antron
721 3805 858 3868 seientia
882 3832 912 3867 e.

353 3902 467 3990 ltaque
481 3903 694 3967 tltietoowos
709 3902 751 3967 tle
766 3903 966 3991 expellendo
985 3929 1025 3967 ex
1039 3904 1160 3969 studiis
1173 3904 1365 3977 Aristotele,
1381 3908 1431 3989 (ut

309 4000 431 4063 Raetus
453 4014 566 4087 pisto-r
586 4016 616 4064 et
638 4002 699 4065 tiri
716 4016 795 4065 tuoe
810 4004 971 4090 temporis
986 4003 1124 4066 litterati
1140 4055 1148 4067 .
1165 4001 1356 4067 nullomodo
1371 4026 1431 4065 co-

307 4098 446 4187 gitabat.
475 4098 534 4162 sed
560 4113 687 4162 tartum
717 4100 821 4186 ipsius
852 4102 1028 4187 purissiam
1053 4101 1254 4189 exemplaria
1274 4125 1315 4163 ex
1335 4099 1431 4163 ltalia

309 4220 366 4282 per
385 4197 529 4259 Febrem
546 4197 646 4260 relata
668 4213 699 4261 et
722 4222 762 4260 ex
777 4224 897 4286 gruem
912 4224 1006 4262 versa
1026 4225 1084 4287 per
1104 4201 1288 4290 Georgium
1302 4201 1432 4285 Trape-

307 4306 468 4359 soutnuu.
480 4300 564 4385 ,tegi
573 4297 723 4382 ruptam
734 4298 957 4362 bisantinum.
967 4298 1172 4362 eanliualenr
1183 4297 1430 4367 Bessarionem‚

307 4410 362 4455 aut
388 4416 448 4479 per
473 4393 572 4456 Italos
598 4394 805 4458 leonardum
831 4395 1006 4458 hrottaum
1034 4411 1065 4459 et
1094 4395 1296 4483 Raphaelem
1314 4393 1432 4459 Vulte-

347 4620 358 4666 Ι
394 4614 560 4683 [beru-*m
579 4626 641 4685 ,ug
669 4616 755 4668 stet:
785 4620 853 4669 trix<
