3074 5422
691 417 871 479 -ll3—

218 551 366 610 hostiario
380 551 510 610 ecclesie
526 550 719 610 Cathedralis
739 572 774 609 ac
794 550 916 611 duobus
937 550 1102 611 clientibus
1118 551 1285 610 nominatis
1299 551 1339 611 de

216 648 308 700 turno
326 640 412 699 ebori
428 639 568 719 ejusdem
584 639 711 699 ecclesie
727 639 819 699 etiam
835 639 1069 720 intelligendum
1080 660 1192 699 censeo
1207 647 1237 699 et
1253 641 1339 698 simi-

215 729 286 788 liter
300 729 541 788 observandum.
574 729 651 807 lpsis
675 749 749 787 vero
769 749 822 787 sex
847 729 979 788 horariis
1003 735 1034 787 et
1057 729 1265 787 matutinariis
1284 729 1336 808 qui

214 839 270 898 pro
286 840 373 878 more
385 817 525 877 delerent
541 819 633 877 funus
648 838 749 876 meum
761 839 799 876 ex
809 817 903 876 domo
912 818 942 876 in
955 815 1115 877 ecclesiam
1127 817 1336 877 cathedralem

213 915 244 966 et
267 907 340 966 inde
359 907 397 965 ad
419 906 581 966 ecclesiam
603 906 849 966 Sancti-Andree
871 907 982 966 ordino
1004 906 1122 966 dandos
1146 926 1224 976 esse,
1254 904 1335 965 ultra

212 996 465 1055 distributionem
481 997 619 1076 ipsorum
632 996 696 1074 jam
712 995 836 1067 dictam,
856 996 967 1075 cuique
984 1016 1091 1055 eorum
1106 994 1243 1075 quinque
1260 993 1335 1053 soli-

211 1085 268 1144 dos
284 1094 479 1144 turonenses
496 1085 616 1144 Ceteris
631 1105 706 1143 vero
720 1105 781 1143 non
797 1085 964 1154 canonicis
981 1084 1178 1164 portantibus
1192 1082 1333 1141 habitum

211 1175 341 1234 ecclesie
356 1173 559 1246 Cathedralis,
577 1174 629 1253 qui
648 1180 714 1232 tum
730 1181 887 1253 presentes
902 1174 1031 1232 aderunt
1048 1173 1079 1230 in
1095 1171 1233 1252 predicta
1248 1171 1332 1230 dela-

211 1264 297 1323 tione
319 1264 379 1322 mei
404 1263 529 1335 funeris,
560 1262 669 1320 ordino
699 1262 828 1341 singulis
852 1283 959 1321 eorum
988 1260 1237 1320 distribuendum
1266 1281 1332 1320 esse

212 1374 308 1412 unum
323 1352 458 1412 solidum
475 1360 686 1410 turonensem.

250 1442 405 1512 Preterea,
429 1441 579 1512 canonici,
604 1440 713 1511 curati,
736 1440 842 1499 vicarii
863 1447 893 1499 et
913 1440 1006 1499 ceteri
1023 1439 1062 1498 de
1081 1438 1178 1498 choro
1201 1437 1330 1497 ecclesie

209 1529 455 1590 Sancti-Andree
472 1529 564 1588 etiam
586 1529 730 1588 assistant
750 1528 949 1588 conductioni
974 1529 1093 1605 integre
1118 1526 1234 1586 luneris
1256 1527 1327 1596 mei,

208 1640 224 1678 a
249 1620 344 1678 domo
363 1617 480 1678 scilicet
502 1619 533 1676 in
555 1617 716 1677 ecclesiam
740 1617 955 1677 Cathedralem
975 1624 1005 1676 ct
1028 1614 1139 1675 deinde
1163 1614 1201 1673 ad
1221 1635 1328 1674 eorum

209 1709 381 1780 ecclesiam,
408 1706 445 1766 ad
471 1728 562 1787 quam
586 1728 656 1766 cum
681 1706 831 1786 perlatum
856 1707 955 1765 luerat
979 1704 1150 1764 deducatur
1172 1703 1210 1762 ab
1231 1704 1276 1762 eis
1297 1704 1328 1763 in

209 1797 349 1868 chorum,
368 1805 399 1855 et
414 1795 528 1854 ibidem
548 1796 728 1855 solemniter
747 1796 947 1854 decantentur
961 1793 1243 1853 commendationes
1262 1793 1328 1850 ani-

209 1907 328 1945 marum
344 1907 413 1945 cum
426 1885 520 1944 Missa
530 1884 569 1943 de
582 1884 743 1944 Defunctis
756 1884 781 1942 si
790 1892 860 1944 ante
876 1883 1036 1964 prandium
1050 1882 1142 1940 luerit
1152 1880 1201 1939 illa
1213 1880 1327 1940 delatio

208 1975 324 2034 funeris
340 1975 438 2042 facta;
463 1975 577 2032 sivero
595 1981 665 2054 post
683 1973 845 2052 prandium
864 1973 956 2031 luerit
977 1970 1050 2030 illuc
1068 1969 1203 2029 delatum
1221 1969 1324 2038 lunuS,

208 2064 350 2123 dicantur
364 2064 394 2121 in
410 2063 478 2142 ejus
498 2063 651 2143 presentia
669 2061 783 2138 Vigilie
807 2061 1001 2120 Mortuerum
1027 2060 1147 2137 integre
1169 2079 1229 2116 non
1255 2078 1325 2138 pre-

207 2152 351 2212 termisso
371 2151 461 2231 pulsu
481 2172 698 2231 campanarum
718 2151 810 2210 solito
826 2150 890 2209 lieri
907 2170 962 2230 pro
980 2146 1157 2228 hujusmodi
1173 2146 1275 2205 ollicio
1292 2146 1322 2204 in

209 2262 315 2300 eorum
331 2241 477 2311 ecclesia;
495 2240 619 2298 demum
637 2261 750 2320 corpus
765 2260 866 2297 meum
884 2238 1022 2297 tradatur
1037 2235 1149 2295 ibidem
1165 2233 1324 2314 sepulture

209 2351 277 2390 cum
298 2337 390 2389 cantu
411 2339 442 2388 et
464 2328 655 2389 orationibus
675 2328 830 2387 consuetis
854 2348 889 2386 ac
915 2327 1009 2385 totius
1030 2324 1116 2385 cliori
1136 2323 1322 2382 assistentia.

207 2418 267 2478 Pro
279 2418 458 2498 hujusmodi
468 2426 571 2477 autem
583 2417 738 2496 obsequiis
749 2417 813 2496 jam
829 2415 984 2496 premissis
1000 2421 1107 2494 utpote
1117 2411 1323 2472 conductione

208 2509 333 2579 funeris
361 2506 568 2566 celebratione
593 2506 801 2586 exequiarum,
829 2504 916 2585 pulsu
939 2522 1166 2583 campanarum,
1193 2500 1323 2578 designo

209 2596 373 2656 tradendas
384 2617 449 2655 esse
463 2595 590 2655 ecclesie
600 2594 844 2654 Sancti-Andree
858 2592 992 2672 Capituli
1008 2589 1199 2672 procuratori
1215 2588 1322 2647 decem

207 2685 300 2745 libras
320 2694 514 2756 turonenses,
540 2684 708 2765 exquibus
729 2684 841 2743 saciant
863 2681 1096 2741 distributiones
1116 2677 1270 2738 canonicis
1292 2684 1324 2736 et

209 2775 320 2835 ceteris
343 2775 381 2833 de
405 2775 501 2833 choro
526 2774 579 2853 qui
596 2773 739 2831 alluerint
762 2772 808 2830 his
832 2771 940 2831 officiis
969 2778 999 2829 et
1023 2767 1199 2848 persolvant
1221 2773 1324 2825 cetera

208 2864 355 2944 obsequia
376 2871 447 2922 ante
471 2884 625 2943 expressa.
653 2861 713 2920 Pro
736 2862 865 2920 honesto
884 2868 986 2918 autem
1008 2857 1147 2917 luminari
1170 2865 1201 2915 et
1219 2864 1325 2915 tumu-

208 2951 322 3014 latione
332 2952 449 3011 funeris
459 2951 571 3010 dentur
584 2951 798 3010 matriculariis
813 2950 877 3009 sive
889 2949 1029 3028 gagiariis
1045 2946 1182 3028 ejusdem
1194 2944 1322 3004 ecclesie

207 3050 331 3102 centum
346 3040 437 3100 solidi
453 3048 647 3100 turonenses.

246 3133 378 3211 lnsuper
396 3130 506 3189 ordino
527 3129 700 3210 capellanos
719 3136 811 3209 atque
831 3126 1019 3208 presbiteros
1042 3128 1160 3186 Domus
1183 3123 1239 3183 Dei
1260 3122 1325 3182 sive

206 3219 377 3300 Hospitalis
393 3220 591 3278 Carnotensis
603 3219 694 3277 ctiam
706 3239 772 3277 esse
782 3217 997 3277 convocandos
1006 3217 1045 3276 ad
1054 3215 1170 3274 funeris
1184 3213 1243 3272 mei
1253 3233 1326 3272 con-

204 3310 397 3380 ductionem,
411 3308 523 3389 quibus
533 3329 589 3388 pro
602 3308 777 3386 hujusmodi
788 3307 934 3366 comitatu
946 3328 981 3366 ac
992 3305 1094 3365 officio
1105 3304 1324 3362 defunctorum

204 3398 393 3460 celebrando
414 3397 505 3478 paulo
525 3404 595 3478 post
610 3397 639 3455 in
656 3395 782 3456 ecclesia
803 3396 950 3475 ipsorum,
971 3393 1188 3475 cumprimum
1205 3389 1328 3452 alluerit

204 3490 250 3549 eis
274 3488 480 3568 oportunitas,
504 3508 559 3567 per
579 3485 707 3563 Vigilias
730 3493 933 3556 mortuorum,
954 3483 1247 3544 Commendationes
1265 3480 1328 3539 ani-

205 3598 342 3647 marum,
355 3598 390 3636 ac
401 3576 525 3635 missam
535 3575 701 3634 solemnem
712 3574 749 3632 (le
763 3574 823 3632 llel
824 3575 933 3646 unctis,
949 3574 1075 3654 designo
1088 3571 1251 3633 tradendas
1263 3591 1329 3629 esse

205 3667 316 3726 decem
332 3665 637 3751 libras'turonenses
660 3684 790 3744 quarum
809 3664 944 3744 quinque
968 3665 1029 3723 sint
1048 3684 1103 3745 pro
1120 3661 1267 3743 predictis
1282 3680 1329 3718 ca-

205 3755 339 3837 pellanis
355 3761 385 3813 et
400 3754 580 3834 presbiteris
592 3760 624 3812 et
638 3774 693 3833 pro
705 3752 858 3812 solutione
877 3753 984 3834 pulsus
999 3773 1215 3833 campanarum
1229 3758 1259 3810 et
1274 3749 1328 3807 bo·

205 3845 290 3905 nesti
303 3843 479 3911 luminaris;
497 3842 614 3922 relique
628 3863 702 3901 vero
717 3843 853 3922 quinque
867 3842 943 3902 libro
959 3848 1182 3903 convertantur
1194 3842 1224 3899 in
1241 3856 1329 3898 usum

207 3935 322 3994 domus
342 3933 478 4012 predicte
499 3938 529 3990 ct
549 3932 578 3989 in
600 3931 856 3991 sustentationem
880 3954 1050 4014 pauperum
1071 3930 1137 4009 ejus
1155 3952 1190 3990 ac
1212 3926 1330 4008 langui-

207 4023 322 4082 dorum
356 4020 418 4080 illic
451 4020 713 4091 decumbentium,
745 4041 915 4102 corumque
947 4021 1192 4080 sublevationem
1221 4036 1332 4099 procu-

208 4112 350 4171 randam.
369 4147 401 4155 -
420 4110 564 4169 Preterea
580 4116 767 4168 conventum
785 4109 927 4170 Fratrum
943 4111 1196 4170 Praedicatorum
1213 4107 1330 4166 Carno-

209 4201 345 4260 tensium
366 4200 458 4258 etiam
478 4198 710 4258 convocandum
733 4219 799 4257 esse
822 4201 923 4259 ordini
946 4199 984 4258 ad
1007 4197 1217 4258 comitandum
1239 4195 1331 4254 lunus

211 4310 314 4348 meum
336 4297 366 4347 et
381 4289 419 4347 ad
437 4287 641 4347 assistendum
658 4288 797 4367 exequiis
814 4298 885 4349 ante
900 4288 1089 4369 sepulturam
1107 4293 1137 4345 et
1152 4285 1209 4367 ipsi
1229 4281 1331 4362 sepul-

212 4386 297 4437 ture:
316 4377 365 4436 cui
381 4398 436 4457 pro
451 4375 629 4455 hujusmodi
644 4375 850 4436 conductione
862 4375 1093 4437 etcclebrandis
1104 4372 1198 4432 semel
1213 4393 1268 4453 pro
1283 4390 1332 4428 me

214 4467 245 4524 in
256 4466 348 4525 domo
361 4467 498 4545 ipsorum
514 4464 637 4543 Vigiliis
653 4473 859 4537 mortuorum,
878 4461 1208 4524 Commendationibus
1219 4459 1344 4538 anima·¹

218 4577 283 4616 rum
293 4564 323 4615 et
333 4557 420 4614 missa
432 4577 487 4636 pro
496 4555 650 4614 defunctis
662 4555 842 4614 solemniter
852 4554 980 4614 dicenda
993 4554 1103 4613 ordino
1114 4552 1229 4610 dandas
1241 4550 1333 4609 etiam

1177 4688 1192 4741 8
