3074 5422
685 413 842 473 ..57-

203 547 386 636 spectantia
416 547 596 637 evulgaret,
632 545 770 609 edendis
800 545 999 633 quibusdam
1029 545 1069 608 de
1100 545 1322 610 Grammatica

202 645 296 709 libris
305 645 441 709 vacavit.
454 645 633 709 Asserebat
644 644 768 732 quippe
778 645 1034 708 Grammaticam
1046 645 1185 708 caeteris
1195 644 1322 708 artibus

203 743 365 832 dignitate
378 743 540 806 minorem
552 767 637 820 esse,
652 742 712 806 sed
729 767 801 806 esse
813 742 918 832 magis
928 743 1160 806 necessariam.
1173 744 1324 829 Respue-

203 843 258 904 bat
274 865 406 928 quoque
424 854 550 904 veteres
570 842 709 926 hujusce
732 839 890 903 scientiae
907 851 1077 917 tractatus,
1101 839 1228 903 scilicet
1243 842 1323 903 Doe-

203 936 325 1002 1313313
344 938 449 1002 Villae
471 939 532 1002 Dei
549 937 737 1026 (Villedieu)
759 950 792 1000 et
814 938 1041 1002 Graecismum
1062 937 1203 1002 Ebrardi
1223 961 1323 1027 quem

203 1036 360 1100 didicisse
393 1036 587 1123 poenitebat
626 1036 828 1099 Erasmum¹.
866 1039 1078 1123 Quapropter
1113 1035 1324 1123 explicandas

204 1135 304 1224 elegit
325 1147 357 1198 et
372 1135 460 1222 typis
481 1135 696 1211 mandandaS,
715 1135 756 1196 ab
777 1159 863 1219 anno
885 1135 983 1212 1498,
1007 1135 1183 1221 Gaspnrini
1200 1136 1323 1223 Perga-

204 1232 325 1296 mensis
345 1233 588 1321 Eloquentiam,
606 1231 784 1321 Augustini
801 1232 900 1295 Datlri
920 1245 952 1295 et
972 1233 1139 1296 Francisci
1159 1232 1254 1321 Nigri
1271 1256 1323 1295 re-

203 1330 296 1419 gulas
317 1331 510 1419 Elegantine
528 1330 659 1417 (quibus
679 1329 808 1393 addidit
827 1331 961 1393 nomina
981 1330 1181 1420 dignitatum
1201 1343 1233 1393 et
1254 1353 1322 1392 ma-

203 1428 399 1516 gistratuum
426 1429 659 1512 Romanorum)
690 1429 765 1514 quia
792 1427 951 1492 sormulac
982 1428 1022 1491 ab
1053 1428 1105 1491 his
1133 1428 1323 1491 auctoribus

204 1525 297 1590 datae
311 1539 405 1589 erant
420 1526 615 1613 completae,
635 1527 763 1604 breveS,
787 1526 967 1617 eleganteS,
991 1526 1239 1590 ciceronianae:
1263 1526 1324 1588 bae

204 1623 362 1688 formulae
377 1636 504 1688 tantum
520 1623 688 1687 studiosae
696 1625 866 1710 juventuti
874 1624 1040 1711 placuere,
1057 1636 1103 1701 ut,
1119 1624 1324 1687 131332033-

205 1746 275 1800 nos,
294 1722 368 1809 plus
389 1746 486 1809 quam
507 1721 617 1785 decies
635 1747 651 1785 a
667 1722 819 1809 pluribus
843 1722 967 1786 suerint
982 1721 1128 1785 reeditae
1148 1734 1181 1785 et
1196 1735 1323 1800 auctae,

205 1821 268 1882 imo
289 1832 322 1883 et
338 1844 355 1883 a
371 1820 563 1884 Clichtoveo
584 1820 669 1907 ipso,
688 1844 773 1883 anno
795 1822 892 1897 1591,
916 1822 949 1883 in
966 1845 1023 1883 sua
1043 1820 1148 1883 forma
1168 1821 1325 1907 primaria

204 1917 428 1981 restituendae
449 1917 583 1981 fuerint.
609 1918 723 1983 Solum
740 1918 808 1981 fere
827 1919 1083 2006 Despauterium
1099 1918 1326 1983 Clitchtoveus

204 2015 374 2104 aequalem
391 2016 425 2078 in
441 2016 742 2106 grammaticalibus
758 2017 892 2080 habuit:
911 2030 947 2079 ut
960 2016 1197 2104 Despauterius
1213 2016 1326 2081 Clich-

203 2113 288 2177 tovei
304 2114 533 2177 auctoritatem
554 2138 620 2176 non
636 2114 731 2177 aliter
747 2138 783 2178 ac
801 2115 930 2178 Erasmi
947 2115 1132 2190 invocabat,
1151 2114 1198 2177 sic
1214 2113 1326 2178 Clich-

203 2212 585 2298 toveusDcspauterium
602 2211 831 2298 praedicabat:
851 2239 867 2273 a
886 2214 922 2274 ln
939 2213 1028 2276 omni
1044 2225 1137 2300 parte
1155 2213 1326 2275 Gramma-

203 2310 287 2373 ticae
309 2308 483 2386 tradenda,
503 2313 588 2395 jure,
607 2322 694 2372 terse
711 2322 743 2372 ct
757 2310 907 2373 absolute
922 2311 1127 2373 recentiores
1141 2334 1255 2372 omnes
1271 2322 1327 2373 aut

205 2431 375 2495 aequasse,
402 2419 458 2470 aut
482 2409 527 2492 (ut
552 2409 663 2494 potius
688 2409 819 2494 censeo)
840 2432 1038 2495 exuperasse
1063 2408 1193 2471 videtur
1217 2420 1250 2471 ct
1272 2407 1325 2471 cui

205 2503 384 2592 plurimum
404 2504 503 2568 debet
523 2504 643 2567 latinae
663 2505 796 2594 linguae
818 2506 965 2569 studiosa
978 2504 1167 2593 juventus².

249 2604 425 2666 Caeterum
442 2602 561 2665 multos
578 2627 618 2665 ex
631 2603 799 2676 veteribus
815 2603 941 2693 legerat
956 2604 1185 2668 Clichtoveus:
1207 2604 1326 2666 Caesa-

207 2723 287 2778 rem,
313 2701 339 2764 T
342 2700 423 2763 itum
442 2701 581 2778 Livium,
604 2700 856 2765 Aulo-Gellium
878 2702 978 2765 citat:
1003 2703 1122 2766 Cicero
1143 2702 1172 2765 ei
1192 2713 1228 2764 ut
1246 2703 1327 2765 Fre-

207 2797 313 2861 nando
335 2797 505 2861 familiaris
526 2810 610 2861 erat:
632 2799 804 2875 Senecam,
823 2800 1066 2878 Quintilianum
1089 2799 1219 2863 evolvit.
1239 2801 1327 2863 lnter

208 2895 426 2973 Christianos,
458 2897 663 2959 Lactantium
691 2909 724 2959 et
754 2898 992 2984 Hieronymum
1024 2922 1165 2986 quorum
1196 2920 1327 2984 excerp-

206 2993 311 3057 tiones
328 2992 475 3083 collegit,
495 3018 676 3082 omnesque
698 2993 765 3057 lere
783 2997 897 3058 Patres
919 2996 1087 3086 cognovit.
1106 2998 1174 3060 Nec
1197 2995 1328 3058 moder-

208 3115 266 3155 nos
286 3091 452 3182 neglexit:
474 3090 605 3156 Aeneae
626 3092 761 3179 quidem
783 3093 885 3181 Sylvii
910 3118 967 3157 seu
991 3093 1041 3158 Pii
1066 3091 1117 3172 11¹,
1144 3092 1326 3180 Philelphi,

208 3189 336 3279 Poggii,
360 3191 457 3252 Laur.
484 3189 609 3267 Vallae,
638 3192 765 3254 Erasmi'
793 3191 891 3254 etiam
916 3204 949 3254 et
973 3191 1109 3255 Lutheri
1136 3215 1236 3278 opera
1262 3214 1327 3253 non

209 3287 357 3366 nescivit,
380 3311 522 3374 quorum
542 3288 736 3377 elegantias,
755 3313 822 3352 non
838 3290 1032 3368 sententias,
1051 3290 1179 3352 sincere
1194 3289 1325 3375 saepius

208 3383 378 3449 laudavit3.

251 3482 394 3546 Poeticis
408 3506 540 3570 quoquc
561 3485 752 3547 auctoribus
768 3485 946 3572 plurimum
964 3484 1114 3548 indulsit.
1138 3487 1212 3549 Non
1233 3485 1327 3572 equi-

210 3578 281 3644 dem
302 3581 374 3667 ipsc
394 3604 533 3668 poeseos
559 3581 620 3645 fuit
640 3582 874 3669 peritissimus.
899 3583 1065 3649 Versiculi
1086 3607 1169 3670 quos
1190 3582 1329 3646 diversis

209 3678 364 3765 operibus
386 3679 495 3764 (1488,
515 3680 612 3757 1499,
636 3680 733 3758 1500,
754 3680 849 3765 1509)
867 3681 1029 3768 adjunxit,
1048 3693 1103 3745 aut
1119 3682 1152 3744 in
1168 3681 1323 3743 Elueidu·

243 3946 267 3995 1.
289 3943 329 3994 De
337 3942 422 3994 studio
429 3943 611 4011 grammaticae
621 3943 723 3995 aGuill.
737 3944 853 4004 Ficheto,
866 3945 901 4013 (c.
915 3945 998 4013 1470)
1007 3963 1021 3996 3
1031 3944 1063 3996 R.
1078 3943 1230 4011 Gaguin0,a
1240 3942 1328 4001 Badio,

208 4015 403 4084 aDespauterio
424 4015 451 4065 in
464 4013 556 4071 Gallia.
576 4015 743 4067 aLaurentio
755 4015 837 4074 Valla,
860 4016 967 4074 PcrotH,
990 4015 1146 4072 Mancinelli,
1164 4016 1190 4064 in
1212 4015 1293 4071 ltalia,
1316 4033 1330 4065 a

208 4085 272 4138 Rod.
288 4086 384 4154 Lange,
401 4086 534 4137 Hermann
551 4087 659 4147 Busche,
677 4088 703 4138 in
719 4087 867 4147 Germania,
885 4088 917 4138 ab
937 4087 1011 4140 Alex.
1027 4087 1119 4156 Hegio,
1137 4086 1160 4137 J.
1181 4085 1327 4145 Suntheim,

209 4157 297 4209 Herm.
314 4157 480 4214 Torreano,
498 4158 523 4207 iu
537 4158 666 4216 Flandria,
682 4159 724 4210 Cf.
742 4159 853 4217 Tburot,
871 4160 997 4210 Histoire
1013 4159 1062 4209 des
1078 4158 1219 4209 doctrines
1234 4175 1330 4225 grum-

208 4227 364 4288 muticulea,
380 4231 428 4280 491
446 4235 472 4280 31
484 4247 539 4299 sqq.
557 4260 592 4268 —
602 4229 667 4282 Vide
677 4231 754 4282 ctiam
769 4230 915 4281 Sturmium
929 4231 954 4281 in
971 4230 1034 4282 Vita
1045 4232 1077 4279 B.
1094 4229 1231 4288 Macriani,
1245 4228 1331 4278 Hora-

208 4301 277 4352 witz:
296 4320 309 4349 3
327 4299 494 4369 Occupabant
510 4301 580 4351 enim
594 4308 650 4352 tum
669 4302 754 4353 adhuc
769 4302 914 4353 litterarum
925 4302 1066 4371 gymnasia,
1082 4300 1227 4351 Alexander
1241 4319 1330 4367 gram-

208 4372 323 4429 maticus,
345 4371 436 4423 Petrus
453 4371 582 4441 Hispanus
601 4373 756 4433 dialecticus,
779 4381 805 4424 31
826 4373 974 4424 Tartaretus
996 4379 1202 4424 commentatus:
1225 4391 1239 4419 n
1260 4371 1332 4422 etin

207 4441 344 4512 Theologia
359 4441 449 4494 Scotus
463 4450 489 4494 et
503 4443 578 4513 Lyra.

241 4518 266 4566 2.
288 4513 525 4574 Elucidutoriurn,
540 4517 617 4573 1548,
634 4534 660 4584 p.
674 4517 717 4568 54.

242 4589 265 4638 3.
288 4584 344 4645 ld..
361 4605 405 4656 pp.
424 4588 466 4644 71,
484 4588 544 4642 250.
563 4589 623 4646 126,
639 4589 682 4645 87,
700 4589 760 4638 137.
