3074 5422
685 422 844 484 ..61-

205 555 379 631 insaniam,
403 553 526 617 librum
554 553 630 618 edat
650 554 773 618 blando
798 555 974 618 verborum
998 554 1165 617 lenocinio
1187 567 1219 617 et
1241 554 1330 617 suavi

207 651 371 742 elegantia
398 651 560 714 sermonis
588 676 790 740 respersum,
814 654 861 738 (ut
880 652 1017 741 aucupis
1047 676 1138 715 more
1164 651 1332 715 illecebris

206 750 295 813 illius
320 748 411 813 sallat
431 748 582 812 incautos
610 761 641 813 et
671 749 768 813 melle
795 749 1017 813 circumlitum
1048 749 1188 812 instillet
1213 748 1330 812 animis

206 848 391 931 venenum),
418 846 539 934 inquo
564 847 643 911 totis
666 847 845 912 contendat
870 848 996 910 viribus
1011 871 1185 936 perperam
1209 848 1249 910 ab
1270 848 1329 910 Ec·

206 945 304 1008 clesia
325 943 540 1008 interdictum
561 969 632 1008 esse
655 946 754 1008 certis
780 945 897 1008 diebus
923 969 1014 1008 esum
1035 945 1224 1009 carnium...
1248 944 1328 1032 quid

206 1043 244 1106 de
267 1066 306 1106 eo
322 1041 525 1105 censendum
542 1043 663 1128 putes?
679 1045 795 1107 Nonne
813 1043 846 1106 in
868 1068 906 1106 eo
930 1067 989 1106 suo
1010 1067 1110 1130 operc
1132 1066 1329 1130 praecursor

205 1141 336 1204 videtur
349 1139 547 1222 Antichristi
564 1152 597 1202 et
612 1141 766 1227 publicus
782 1141 888 1204 hostis
904 1141 1085 1218 Ecclesiae,
1104 1165 1215 1204 nonne
1232 1139 1330 1203 etiam

206 1238 293 1302 idem
323 1249 504 1301 assectator
533 1238 679 1324 Epicuri,
708 1250 920 1325 assertorque
949 1239 1127 1325 voluptatis
1157 1238 1330 1301 habendus

207 1348 255 1399 est
271 1348 304 1398 et
319 1335 567 1399 Christianismi
579 1337 799 1399 subsannator
811 1362 839 1400 o.
858 1337 986 1399 Rursus
996 1336 1030 1399 in
1043 1333 1327 1424 Propugnaculo¹,

208 1436 392 1511 Erasmum‚
408 1444 478 1495 tum
494 1433 536 1496 ob
557 1432 645 1496 idem
662 1457 745 1520 opus
758 1448 828 1497 tum
845 1434 887 1496 ob
903 1436 973 1521 ejus
993 1436 1188 1498 Eneomium
1208 1435 1330 1497 Matri-

208 1537 308 1595 monii
319 1530 521 1620 suggillabat
534 1557 540 1592 :
560 1558 576 1593 «
594 1531 728 1596 Utinam
740 1531 812 1618 ipse
826 1530 1039 1618 splendorem
1057 1531 1266 1619 eloquentiae
1281 1531 1328 1594 la·
1385 1564 1387 1575 ·

207 1630 336 1717 tinique
366 1629 528 1692 sermonis
559 1630 758 1719 elegantiam
783 1632 859 1717 (qua
888 1654 954 1693 non
980 1629 1192 1694 mediocriter
1218 1628 1327 1714 valet),

208 1727 416 1791 adhibuisset
444 1726 485 1790 ad
520 1727 609 1791 aliud
644 1727 814 1814 quidpiam
847 1727 1019 1791 honestius
1049 1727 1326 1815 Christianaeque

207 1825 322 1912 pietati
344 1825 603 1912 congruentius!
628 1825 707 1889 Plus
728 1850 806 1888 sane
827 1838 859 1888 ct
877 1825 1015 1888 honoris
1036 1825 1100 1888 sibi
1121 1837 1152 1888 et
1174 1824 1329 1888 utilitatis

206 1923 277 1986 aliis
307 1922 473 1986 attulisset
500 1948 529 1983 ».
562 1924 628 1986 Nec
649 1922 845 1986 admittebat
866 1925 1035 1986 Erasmum
1057 1922 1114 1986 illa
1138 1923 1213 2010 quia
1236 1933 1331 1986 erant

206 2045 307 2108 opera
333 2020 493 2107 juvenilia
518 2033 740 2083 excusantem.
774 2048 790 2082 u
822 2021 1046 2085 Inconsultam
1072 2019 1329 2084 adolescentiam

204 2119 310 2181 serior
340 2131 428 2181 aetas
456 2117 624 2206 corrigere
650 2118 760 2197 debet,
785 2119 1029 2207 maturiorcque
1059 2118 1199 2182 consilio
1233 2118 1326 2182 illius

208 2240 339 2280 errores
356 2215 532 2279 emendare
553 2229 651 2304 atque
674 2229 867 2280 retractare.
896 2217 952 2281 Sic
979 2241 1057 2280 sane
1087 2216 1253 2279 factitasse
1279 2216 1330 2280 di-

208 2314 356 2378 noscitur
377 2313 516 2377 eximius
536 2314 687 2378 doctrina
704 2338 881 2403 rerumque
902 2314 1124 2402 gerendarum
1151 2313 1329 2401 prudentia

207 2414 255 2476 vir
282 2413 411 2475 Aeneas
444 2411 586 2499 Sylvius
615 2412 647 2475 in
678 2437 805 2475 summo
833 2412 1031 2477 l‘ontificatu
1055 2412 1133 2476 Pius
1163 2411 1328 2475 secundus

209 2509 406 2597 appellatus
426 2510 502 2591 Qui,
521 2534 594 2572 cum
605 2510 636 2572 in
654 2509 877 2573 adolescentia
890 2510 930 2573 de
944 2509 1075 2573 duobus
1091 2534 1126 2573 se
1142 2509 1328 2573 amantibus

210 2608 392 2695 insanoque
412 2607 453 2671 ad
475 2607 614 2670 invicem
638 2632 748 2671 amore
769 2608 944 2695 correptis,
967 2607 1197 2671 lasciviusculc
1225 2607 1330 2694 scrip·

210 2705 307 2769 sisset
327 2704 537 2791 opusculum,
552 2707 620 2791 jam
640 2705 749 2793 gravis
770 2729 847 2768 aevo
869 2703 958 2768 etad
979 2706 1042 2792 Ap.
1062 2704 1160 2769 Sedis
1177 2703 1331 2767 modera-

208 2803 333 2866 tionem
349 2815 550 2888 assumptus,
574 2802 749 2866 salutarem
770 2816 802 2866 ct
817 2802 888 2865 viro
904 2803 1096 2868 Christiano
1111 2801 1246 2892 dignam
1263 2801 1331 2890 egit

210 2900 250 2964 de
272 2900 361 2963 illius
384 2900 489 2965 libelli
510 2901 756 2987 conscriptione
781 2913 812 2963 et
833 2900 979 2963 editione
999 2899 1261 2986 poenitentiam:
1286 2900 1331 2962 ita

209 2999 242 3061 in
260 2997 399 3085 epistola
421 2999 460 3061 49
478 2998 593 3062 fidelos
609 3022 723 3061 omnes
740 2998 959 3086 compellans:
981 3025 997 3059 a
1015 2997 1094 3062 Seni
1111 2997 1215 3088 magis
1231 3021 1329 3084 quam

207 3096 318 3183 juveni
340 3096 478 3160 credite.
501 3097 569 3160 Nec
600 3097 763 3184 privatum
789 3096 957 3159 hominem
981 3095 1086 3182 pluris
1112 3086 1210 3158 facite
1231 3118 1329 3182 quam

209 3193 419 3281 pontificem:
437 3194 580 3258 Aeneam
597 3193 737 3280 rejicite,
759 3193 853 3258 Pium
870 3193 1055 3280 suscipite².
1081 3220 1097 3255 >i

253 3291 538 3382 Wimphelingius
557 3292 693 3379 optabat
713 3292 826 3379 plures
847 3291 1001 3369 inveniri,
1025 3291 1081 3379 qui
1103 3291 1331 3355 Clichtoveum

210 3389 327 3466 secuti,
346 3413 423 3476 prae
444 3389 583 3480 paganis
599 3402 632 3452 et
647 3389 794 3477 profanis
816 3389 1015 3453 christianos
1032 3402 1064 3452 et
1081 3389 1154 3476 pios
1175 3389 1331 3452 authores

210 3487 430 3551 imitarentur.
454 3488 717 3552 Praestantiores
737 3487 852 3575 utique
873 3487 1012 3564 fructus,
1035 3487 1101 3549 nisi
1121 3485 1237 3550 fuisset
1256 3485 1333 3549 reli-

212 3585 313 3676 giosis
330 3584 565 3648 controversiis
581 3598 613 3648 et
628 3609 833 3673 paganorum
850 3584 960 3672 dignis
977 3584 1250 3647 inclinationibus
1265 3596 1332 3646 tur-

211 3683 297 3761 bata,
316 3683 502 3770 peperisset
527 3682 712 3746 litterarum
734 3683 926 3746 renovatio:
951 3683 1039 3745 viros
1062 3682 1207 3769 antiquis
1228 3680 1333 3744 sorma

212 3780 365 3868 aequales
387 3781 445 3845 sed
460 3781 635 3845 sententiis
652 3781 912 3868 praestantiores
929 3781 1152 3867 produxisset.

246 4003 271 4052 1.
293 4000 388 4059 11‚3o.

247 4076 272 4124 2.
294 4071 554 4146 Propugnaculum,
571 4073 605 4134 ll,
624 4075 665 4126 34.
