3074 5422
686 422 843 482 ..13-

249 557 362 648 Magni
388 555 524 643 quidem
546 555 706 618 momenti
721 554 875 617 habenda
895 568 945 617 est
966 554 1149 618 Clichtovei
1171 578 1244 617 cum
1265 554 1324 617 tali

204 654 275 717 viro
297 654 451 717 amicitia.
475 652 673 716 Guillelmus
698 652 798 729 enim,
822 652 907 714 sicut
926 654 953 715 J.
972 653 1078 715 Faber
1099 652 1320 739 Stapulensis,

207 751 246 815 ad
260 752 417 839 mysticos
429 775 545 814 sensus
561 763 630 814 erat
646 774 846 837 propensus,
859 763 891 813 et
904 749 975 812 zelo
990 749 1171 836 spiritualis
1187 773 1324 812 renova-

206 850 307 912 tionis
328 873 497 925 acceusus,
520 847 746 911 reformationi
762 846 938 937 religiosae
955 848 988 910 in
1010 847 1117 911 Gallia
1133 847 1325 935 aliquandiu

207 971 280 1009 cum
305 947 411 1010 Fabro
440 946 547 1009 lavere
574 947 663 1008 visus
685 958 752 1008 est:
784 957 959 1032 utrumque
987 945 1093 1032 primo
1123 958 1254 1008 secutus
1275 957 1325 1007 est

209 1044 432 1121 Clichtoveus,
452 1057 693 1131 proptereaque
705 1043 800 1130 quasi
817 1067 972 1107 novarum
988 1044 1021 1105 in
1038 1044 1199 1132 religione
1215 1066 1324 1106 rerum

210 1143 332 1205 amicus
349 1154 398 1204 est
417 1142 563 1206 habitus

251 1239 417 1317 Attamen,
437 1242 505 1327 jam
525 1263 611 1302 anno
633 1239 729 1316 1506,
750 1239 962 1302 Guillelmum
978 1239 1324 1303 Briconnetumdimi-

210 1351 319 1415 serat;
355 1338 568 1401 Franciscum
595 1349 703 1400 autem
737 1350 770 1399 et
800 1336 1030 1412 Godesridum,
1064 1337 1178 1400 Jacobi
1207 1338 1324 1400 Amba-

210 1437 304 1513 siani,
320 1435 568 1499 Claromontani
585 1434 733 1522 episcopi
746 1447 896 1521 nepotes,
915 1448 1105 1522 susceperat
1121 1434 1321 1500 educandos.

573 1845 715 1911 CAPUT
740 1846 953 1928 QUINTUM.

256 2090 473 2130 cLlcurovssus
499 2091 555 2130 SUB
581 2090 680 2129 PETRO
706 2091 745 2129 DE
770 2089 868 2143 vatur
892 2089 1098 2130 DOCTORATUS
1123 2089 1271 2130 LAUREAM

697 2188 833 2228 nuclrrr.

728 2359 810 2423 (1506)

250 2613 321 2676 Etsi
353 2625 402 2674 tot
419 2630 451 2674 et
470 2611 571 2674 tantis
592 2610 834 2674 distraheretur
858 2610 1013 2699 negotiis,
1041 2609 1253 2674 Clichtoveus
1282 2610 1323 2673 ad

207 2709 427 2801 colligendam
451 2711 650 2772 Doctoratus
668 2708 813 2771 lauream
834 2733 868 2770 se
885 2708 1092 2797 accingebat.

248 2807 359 2872 Primo
389 2807 534 2894 quidem,
566 2807 759 2892 Vesperiam
790 2803 911 2882 suam¹,
946 2806 1006 2868 sub
1034 2808 1132 2869 Petro
1162 2805 1202 2869 de
1230 2805 1323 2869 Valle

205 2929 324 2996 magno
336 2907 499 2969 Navarrae
511 2917 587 2991 post
596 2904 756 2968 Pinellam
768 2905 940 2991 Magistro,
956 2905 1011 2968 17ει
1023 2903 1211 2967 novembris
1224 2903 1320 2979 1506,

204 3015 373 3067 sustinuit.

247 3104 343 3165 Juxta
359 3099 547 3175 Bulaeum²,
571 3099 623 3162 dic
649 3099 689 3162 ‘28
711 3098 859 3186 ejusdem
875 3099 1010 3175 mensis
1034 3099 1267 3186 «supplicavit
1289 3099 1321 3162 in

205 3198 285 3262 lacie
326 3199 469 3261 nationis
498 3196 712 3282 (Picardicac)
741 3195 947 3260 honorabilis
982 3197 1140 3283 Magister
1174 3197 1318 3260 Judocus

205 3296 429 3372 Clichtovcus‚
453 3295 615 3359 dioecesis
636 3295 849 3371 MorincnsiS,
872 3295 905 3357 in
931 3294 1111 3384 'l‘heologia
1133 3294 1321 3358 licentiatus

204 3394 288 3456 bene
319 3393 468 3467 meritus,
500 3393 589 3480 quod
613 3393 710 3458 Natio
736 3392 929 3480 dignaretur
955 3392 984 3456 ei
1010 3392 1180 3479 porrigere
1207 3416 1322 3454 manus

205 3491 383 3578 adjutrices
400 3515 459 3578 pro
483 3515 542 3554 suo
562 3489 731 3554 Doctorali
754 3490 857 3579 gradu
878 3489 1073 3577 propediem
1095 3489 1319 3577 suscipiendo,

206 3590 320 3678 illique
354 3590 534 3678 gratuitum
562 3588 696 3676 aliquod
728 3613 844 3652 munus
881 3587 1108 3676 pecuniarium
1138 3601 1319 3675 praestare,

207 3687 486 3775 quemadmodum
511 3686 584 3750 aliis
612 3688 644 3749 in
669 3686 768 3750 simili
788 3711 865 3750 casu
889 3685 1067 3773 aliquando
1093 3698 1318 3749 consueverat.

208 3787 315 3872 Super
337 3809 400 3871 qua
428 3784 670 3872 supplicatione
686 3784 832 3872 praelata
848 3785 944 3848 Natio
960 3783 1106 3847 decrevit
1119 3783 1319 3847 unanimiter

205 3895 236 3945 et
252 3882 383 3946 nemine
399 3882 659 3959 contradicente,
680 3882 816 3945 attentis
837 3881 1006 3945 laboribus
1035 3906 1094 3969 per
1115 3881 1321 3969 praedictum

207 3981 401 4072 Magistrum
417 3981 576 4044 ludoeum
590 3980 753 4067 susceptis
772 3980 805 4042 in
822 3979 1082 4043 adolescentium
1094 3979 1320 4043 moderatione

207 4091 270 4142 tam
291 4080 323 4142 in
345 4079 568 4168 grammaticis
582 4102 679 4166 quam
700 4079 733 4141 in
750 4078 889 4155 artibus,
904 4102 964 4164 pro
976 4077 1181 4165 perficiendo
1196 4077 1321 4167 Magis-

242 4368 266 4416 1.
287 4363 326 4415 Dc
347 4364 387 4414 his
411 4363 517 4415 Actibus
541 4363 699 4419 academicis,
717 4361 846 4431 Vcsporia,
876 4362 975 4419 dolica,
1006 4361 1148 4418 Tcntativa,
1179 4367 1239 4418 etc,
1265 4360 1323 4411 ride

210 4433 314 4491 Thurot.
331 4453 407 4504 opere
422 4436 507 4492 citato,
524 4454 549 4504 p.
569 4439 628 4488 136.
645 4434 710 4484 Vide
722 4433 971 4504 ctiainlbaunoium,
988 4433 1070 4502 negti
1088 4435 1233 4484 Navarrae
1243 4450 1321 4501 gym-

212 4508 282 4559 nasii
297 4507 375 4563 laist,
392 4526 416 4576 p.
435 4509 494 4558 609.

245 4582 268 4630 2.
292 4579 363 4630 Hist.
384 4579 433 4629 Ua.
451 4581 531 4637 Par„
549 4577 592 4646 Vl,
611 4579 671 4629 959.
