3074 5422
768 421 928 482 -59-

288 555 490 620 addendam
513 580 647 644 operam
670 583 686 618 a
708 567 745 619 ut
765 579 823 619 suo
849 555 960 619 studio
985 556 1018 619 in
1040 555 1145 618 lucem
1170 568 1288 619 exeant
1308 580 1407 643 opera

287 653 546 718 christianorum
566 655 754 731 authorum,
791 665 957 717 oratorum
986 666 1018 717 et
1051 666 1235 740 poetarum,
1267 679 1407 742 quorum

287 751 386 816 lectio
407 753 628 816 eruditionem
653 764 776 815 rectam
800 763 832 814 et
859 776 986 815 morum
1010 751 1254 815 institutionem
1277 751 1405 830 afferat,

287 875 353 937 quo
374 851 485 937 potius
505 850 559 914 illa
579 851 732 940 legantur
753 874 851 936 quam
876 850 1031 918 authores
1057 849 1199 939 gentiles
1223 862 1255 913 et
1277 849 1407 914 fabulae

287 961 460 1036 poetarum
474 948 591 1035 plenae
605 947 771 1024 vanitatis,
790 947 952 1010 mendacii
969 960 1001 1010 et
1018 947 1303 1034 superstitionum,
1326 948 1407 1012 etin

287 1046 408 1134 quibus
419 1059 676 1134 corrumpuntur
687 1046 798 1133 potius
808 1069 916 1108 mores
928 1069 1025 1133 quam
1039 1058 1128 1108 recte
1141 1044 1369 1109 instituantur.
1389 1072 1405 1106 a

330 1145 417 1209 Aldo
437 1145 585 1209 Manutio
601 1169 715 1209 rursus
736 1145 768 1207 iu
789 1145 1028 1224 Elncidatorr'O,
1051 1168 1137 1207 anno
1159 1146 1255 1222 1516,
1277 1144 1407 1208 laudem

287 1242 398 1322 dabat,
427 1244 516 1331 quod
537 1243 755 1307 Prudentium
772 1242 993 1331 evulgaverat,
1012 1242 1174 1330 istiusque
1194 1266 1293 1329 opera
1314 1242 1407 1306 valde

286 1341 511 1434 praedicabat.
540 1341 777 1407 Gratulabatur
808 1367 823 1402 a
865 1364 964 1427 opera
996 1342 1066 1427 ejus
1095 1341 1214 1403 emissa
1237 1341 1270 1403 in
1300 1340 1407 1404 lucem

287 1438 397 1503 studio
417 1452 449 1502 et
469 1439 633 1504 industria
654 1439 729 1503 Aldi
750 1438 903 1515 Manutii,
927 1437 988 1501 viri
1009 1438 1123 1525 utique
1145 1438 1185 1501 de
1206 1462 1241 1501 re
1261 1438 1407 1502 literaria

288 1537 413 1625 optime
434 1537 555 1603 meriti.
581 1539 621 1601 Et
641 1550 732 1601 certe
750 1537 828 1600 talia
850 1549 939 1614 sunt,
964 1537 1084 1612 aiebat,
1109 1536 1213 1623 ipsius
1235 1536 1407 1600 Prudentii

287 1660 388 1723 opera
405 1649 437 1699 et
448 1636 523 1699 talis
535 1635 606 1723 ipse
622 1636 753 1713 author,
764 1648 800 1698 ut
816 1635 977 1722 imprimis
989 1634 1109 1722 dignus
1122 1633 1164 1697 sit
1179 1659 1196 1697 a
1209 1635 1407 1699 Christianis

288 1734 374 1824 legi:
398 1733 486 1821 quod
508 1734 631 1821 inipso
654 1747 686 1797 et
707 1757 815 1796 sermo
834 1734 906 1820 ipse
927 1733 969 1796 sit
990 1733 1193 1796 cultissimus
1216 1750 1249 1797 et
1276 1758 1408 1798 carmen

288 1832 432 1919 cujusvis
470 1831 604 1920 generis
643 1831 940 1919 elegantissimum,
972 1844 1016 1909 et,
1049 1831 1138 1919 quod
1166 1831 1300 1918 plurimi
1335 1833 1406 1896 fieri

288 1929 400 2007 debet,
433 1930 597 1994 sententia
630 1929 837 1993 Christianae
868 1929 983 2016 pietati
1017 1953 1053 1992 ac
1082 1928 1238 2018 religioni
1266 1930 1407 1994 maxime

287 2027 480 2092 conformis.
503 2028 594 2093 Nihil
615 2028 649 2090 in
675 2052 713 2091 eo
744 2027 833 2115 quod
853 2040 960 2090 castas
985 2039 1016 2090 ct
1042 2027 1113 2114 pias
1139 2025 1286 2090 offendat
1310 2052 1407 2092 aures

287 2125 447 2203 inveniaS‚
471 2125 554 2189 nihil
575 2125 664 2214 quod
684 2125 821 2189 deorum
838 2128 889 2212 (ne
910 2125 1017 2188 dicam
1030 2125 1238 2211 daemonum)
1260 2127 1404 2203 nomina,

287 2223 410 2313 flagitia
423 2236 456 2286 et
465 2222 589 2287 scelera
601 2215 848 2287 commemoret.
863 2226 977 2311 ltaque
990 2223 1017 2285 si
1032 2222 1307 2287 commendantur
1319 2225 1406 2312 apud

287 2321 439 2388 Gentiles
468 2321 525 2408 qui
554 2322 694 2408 hymnos
725 2334 757 2385 et
781 2321 860 2384 odas
888 2321 921 2383 in
951 2345 1085 2384 suorum
1115 2321 1252 2384 deorum
1274 2322 1407 2386 laudem

286 2419 570 2506 conscripserunt,
588 2431 624 2482 ut
644 2419 731 2507 apud
756 2422 901 2484 Graecos
924 2420 1078 2506 Orpheus
1105 2431 1137 2482 et
1157 2419 1243 2506 apud
1264 2421 1401 2505 Latinos

287 2517 455 2596 Horatius,
487 2541 598 2581 nonne
631 2520 753 2605 majore
776 2517 1063 2580 commendatione
1085 2517 1172 2604 apud
1197 2518 1406 2582 Christianos

287 2628 365 2680 sunt
380 2615 486 2705 digni,
509 2615 616 2702 quiin
637 2618 704 2679 veri
726 2615 787 2679 Dei
807 2615 1053 2679 venerationem
1075 2616 1148 2703 pios
1174 2640 1210 2678 ac
1233 2616 1406 2706 religionis

286 2714 405 2801 plenos
421 2713 580 2777 modulati
595 2726 672 2777 sunt
687 2713 852 2802 hymnos?
868 2716 958 2776 luter
973 2738 1057 2801 quos
1074 2713 1277 2777 Prudentius
1293 2727 1407 2777 noster

286 2811 431 2899 primum
460 2810 528 2875 fere
562 2812 670 2875 locum
701 2812 841 2875 obtinet.
871 2814 1027 2889 Rursum,
1054 2812 1081 2874 si
1107 2811 1261 2902 diligenti
1296 2812 1406 2876 studio

285 2909 505 2973 decantarunt
534 2909 657 2973 ethnici
686 2935 763 2973 suos
791 2911 945 2997 hymnos,
973 2922 1009 2972 ut
1036 2933 1118 2997 quos
1144 2921 1302 2997 putarunt
1326 2909 1406 2973 deos

285 3007 506 3085 celebrarent,
519 3032 629 3071 nonne
638 3008 849 3099 vigilantiore
861 3031 961 3095 opera
972 3020 1004 3070 et
1014 3007 1225 3096 diligentiore
1238 3032 1327 3085 cura,
1346 3032 1406 3070 nos

285 3105 408 3194 quibus
432 3105 544 3169 divino
567 3105 698 3170 indultu
725 3107 781 3169 lux
802 3106 950 3169 veritatis
976 3104 1117 3183 infulsit,
1149 3105 1308 3168 debemus
1335 3107 1406 3169 Deo

283 3228 363 3268 vero
384 3204 444 3267 hos
464 3203 605 3291 hymnos
622 3204 825 3267 concinere?
845 3206 1023 3268 Facessant
1039 3204 1142 3291 igitur
1161 3203 1244 3266 odae
1260 3204 1408 3268 Horatia-

285 3325 361 3380 nae,
383 3301 512 3365 valeant
534 3302 659 3366 Dianae
680 3301 794 3365 laudes
815 3314 847 3365 et
869 3301 1008 3364 Veneris
1031 3301 1285 3390 Cupidinisque,
1309 3315 1406 3390 atque

286 3401 321 3464 in
349 3424 460 3464 earum
489 3400 598 3464 locum
629 3399 808 3463 succedant
834 3399 880 3487 pii
906 3399 1021 3487 hymni
1054 3399 1236 3487 conscripti
1270 3402 1341 3463 Deo
1375 3414 1407 3463 et

286 3510 476 3561 sanctorum
497 3498 687 3584 praeconia.
707 3501 802 3561 Hunc
829 3498 972 3584 denique
993 3497 1212 3561 christianum
1233 3498 1406 3561 authorem

287 3595 476 3682 etquidem
497 3596 770 3682 probatissimum
794 3595 905 3682 potius
930 3595 1081 3659 lectitent
1108 3596 1288 3660 Christiani
1309 3620 1406 3684 quam

286 3695 415 3781 impura
431 3706 603 3782 poetarum
620 3694 777 3771 carmina,
794 3696 958 3760 Venerem
974 3694 1098 3757 olentia
1118 3707 1150 3757 et
1170 3695 1308 3758 deorum
1324 3719 1406 3784 gen-

286 3790 393 3854 tilium
410 3791 528 3879 (quiin
545 3815 601 3854 ore
618 3792 811 3868 Christiani,
833 3793 859 3855 si
878 3793 1076 3879 Hieronymo
1093 3792 1269 3871 credimuS,
1289 3816 1406 3856 sonare

286 3913 354 3953 non
371 3889 505 3976 debent)
521 3889 666 3953 facinora
687 3903 720 3953 et
735 3890 868 3955 fraudes
884 3890 1122 3955 buccinantia¹.
1143 3916 1159 3951 a

331 3991 400 4051 Hoc
420 3987 513 4052 illum
530 4000 638 4051 autem
658 3989 837 4075 praecipuo
858 3990 978 4053 honori
994 3988 1186 4054 Clichtoveo
1206 3988 1405 4052 tradendum

286 4098 348 4165 est,
363 4110 437 4150 cum
448 4110 562 4149 omnes
579 4085 647 4150 fere
659 4087 829 4150 coaetanei
841 4087 941 4151 medii
954 4088 1023 4150 aevi
1034 4101 1150 4174 poetas
1162 4087 1403 4174 despiciebant,

285 4197 356 4248 tum
376 4209 491 4272 prosas
509 4197 579 4248 tum
596 4186 737 4273 hymnos
754 4185 926 4263 Abelardi,
950 4187 1038 4249 Petri
1052 4186 1273 4264 Venerabilis,
1289 4185 1405 4249 Adami

285 4382 317 4435 de
329 4382 418 4451 lingua
427 4382 506 4434 latina
513 4382 610 4452 optime
618 4381 741 4434 meritum
749 4388 775 4433 et
782 4381 949 4450 probatorum
957 4388 1092 4433 auctorum
1101 4382 1287 4434 illustratorum
1295 4383 1406 4452 diligen-

286 4455 414 4506 tissimum
430 4473 444 4504 »
458 4454 589 4506 occasione
603 4454 669 4505 vitae
683 4453 708 4506 S.
727 4453 888 4521 Agathae...,
903 4473 928 4523 p.
945 4457 1005 4505 229.

285 4524 606 4650 ll153313111cidutorium,
630 4527 658 4577 4ἢ
678 4525 718 4576 ed.
742 4525 853 4585 Parisiis,
876 4527 956 4586 1548,
978 4544 1004 4594 p.
1024 4527 1066 4577 29.
1090 4557 1125 4565 -
1144 4524 1402 4598 Propugnaculnm‚
