3074 5422
701 417 855 479 „54-

214 556 245 640 (7
258 553 344 641 junii
367 555 480 640 1517):
499 555 664 634 Probitas,
683 569 714 618 et
730 556 845 642 religio
865 571 896 618 ct
915 557 1064 618 doctrina
1083 559 1155 634 riri,
1178 559 1240 634 ait,
1262 569 1339 618 sunt

215 667 410 717 ornamento
431 668 461 715 et
481 654 591 716 decori
610 652 765 741 Collegio.
795 655 833 717 Et
854 665 929 739 post
954 652 1058 739 ipsius
1079 653 1204 716 obitum
1227 652 1336 716 addit:

215 753 302 814 Erat
327 775 474 814 summus
494 766 621 828 orator,
644 775 792 815 summus
813 751 998 830 historicus,
1025 776 1173 814 summus
1199 749 1336 839 logicus,

215 874 364 912 sunmzus
380 848 607 936 plrilosoplrus,
625 873 771 911 summus
792 848 971 936 theologus,
990 863 1020 911 e!
1037 850 1213 937 Religionis
1229 849 1338 913 Claris-

218 952 328 1010 tianae
355 971 503 1010 surnmus
530 962 748 1036 propagator.
776 951 816 1010 Et
846 945 980 1034 quidem
1007 948 1173 1034 posterius
1199 972 1216 1010 a
1243 947 1338 1011 Sixto

219 1045 410 1123 Sicnnonsi,
429 1045 608 1133 theologus,
623 1045 849 1134 plzilosoplnrs,
867 1060 983 1109 orator
993 1061 1024 1108 et
1039 1050 1072 1108 in
1083 1046 1221 1134 eloquiis
1231 1051 1340 1109 sacris

218 1144 419 1207 enarrandis
441 1145 644 1207 declamator
666 1153 828 1232 egregius,
854 1143 1073 1207 renuntiatur.
1103 1145 1172 1207 Imo
1197 1168 1214 1207 a
1235 1145 1338 1208 conti-

219 1256 357 1306 nuatore
374 1242 548 1305 Trithemii
563 1242 636 1329 plus
653 1267 758 1329 aequo
769 1241 940 1306 laudatur:
958 1243 1103 1306 ludocus
1115 1243 1340 1307 Cliclrtoroeus

218 1341 484 1429 Neoportuensis,
504 1341 559 1419 ait,
576 1343 696 1403 Hortor
714 1343 740 1402 Τ
738 1340 893 1428 teologus
903 1345 1254 1420 consummatissimus,
1265 1341 1341 1428 pln‘-

219 1438 375 1526 losoplrus
399 1440 627 1517 nitidissimus,
660 1455 838 1528 oratorque
866 1439 948 1502 adeo
978 1443 1127 1524 insignis,
1160 1453 1194 1501 ut
1213 1440 1341 1528 ferinos

219 1536 385 1600 hominum
409 1560 514 1599 mores
539 1552 569 1599 et
588 1561 681 1600 ornne
700 1538 841 1602 mortale
853 1560 970 1625 genus,
994 1539 1104 1601 alirino
1125 1541 1339 1626 potiusquam

219 1636 354 1699 mortali
364 1636 523 1723 facitndia
539 1649 723 1722 componat,
740 1637 858 1724 quinat
875 1636 953 1698 lroec
968 1650 1066 1698 natus
1087 1637 1212 1699 ridetur
1226 1635 1340 1724 officia

219 1749 254 1796 ut
269 1735 457 1798 l'tterarum
473 1738 605 1821 ignaros
634 1739 730 1796 rectis
757 1734 892 1797 lralrenis
911 1733 1046 1821 dirigat,
1078 1734 1222 1796 insulsos
1251 1748 1339 1796 terso

218 1833 346 1921 eloquio
375 1832 516 1912 eradiat,
554 1831 785 1919 philosophiae
817 1834 990 1920 splendore
1023 1834 1203 1911 destitutos,
1232 1832 1339 1919 pulsa

214 1932 335 2018 procul
348 1931 502 2018 caligine,
525 1932 720 1994 nitidissimo
735 1931 868 2019 fulgore
887 1931 1089 1994 illuminet...
1107 1931 1208 1993 Saum
1226 1931 1304 2017 plu'l
1324 1968 1339 1978 -

217 2029 351 2116 sopliiae
371 2052 533 2115 reparare
552 2034 690 2092 nitorem
712 2052 914 2115 summopere
933 2033 1060 2108 nititur,
1088 2043 1119 2090 et
1137 2037 1284 2091 maxime
1306 2039 1339 2092 tn

217 2133 321 2192 sacris
337 2128 475 2217 eloquiis
491 2129 746 2216 interpretandis
761 2129 902 2191 studium
919 2142 1098 2204 conterere,
1120 2131 1230 2189 animo
1252 2151 1339 2190 men·

218 2242 308 2315 teque
327 2228 472 2290 decernit
476 2277 541 2293 .....

262 2326 303 2389 Hi
324 2325 458 2412 quidem
480 2325 648 2388 universas
665 2324 762 2389 simul
783 2324 888 2411 ipsius
921 2323 1015 2386 dotos
1036 2324 1255 2410 praedicant:
1284 2325 1340 2388 alii

215 2447 293 2486 vero
313 2423 472 2511 quasdam
494 2423 707 2511 singulariter
727 2426 910 2486 eminentes
927 2421 1203 2486 animadvertunt.
1219 2423 1341 2504 Quoad

217 2521 428 2612 elegantiam,
451 2522 689 2609 Despauterius
711 2521 937 2587 Cliohtoveum
956 2522 1092 2583 Erasmo
1105 2534 1288 2607 comparat,
1308 2534 1341 2585 et

218 2618 307 2683 Hier.
324 2619 497 2707 Papiensis
511 2619 592 2683 dicit
607 2621 732 2706 ipsum:
751 2624 973 2708 conceptiones
987 2619 1094 2681 Fabri
1106 2618 1191 2702 stylo
1207 2619 1339 2708 elegan-

215 2722 511 2804 tissimoreponere
531 2722 724 2806 inscriptis.
749 2721 866 2782 Petrus
887 2717 945 2780 des
967 2717 1081 2780 Groux
1101 2715 1224 2805 (1506),
1248 2742 1338 2781 eum-

215 2817 290 2880 dem
313 2817 502 2883 Ciceronem
523 2817 713 2908 tliesoplzum
729 2828 835 2893 vocat,
853 2818 991 2903 ejusque
1012 2839 1193 2893 sermones,
1212 2821 1334 2897 varios,

158 2964 161 2971 .
210 2916 341 3003 faciles,
360 2917 516 2992 eruditos,
534 2918 711 2979 Lassercus
729 2915 857 2978 asserit.
882 2913 1055 2977 Caesarius
1072 2926 1234 2976 tractatus
1250 2914 1338 3004 logi-

216 3037 272 3076 cos
293 3016 364 3101 ejus
385 3014 526 3091 extollit,
550 3014 744 3100 Camperius
765 3013 843 3076 item
865 3036 1009 3076 amorem
1031 3037 1096 3100 quo
1119 3011 1337 3077 Aristotelem

214 3113 438 3199 prosequitur,
467 3126 498 3176 et
524 3114 594 3199 ejus
619 3111 821 3202 Theologiae
847 3111 1104 3199 scripturaeque
1125 3123 1258 3174 sanetae
1280 3136 1336 3198 pe·

214 3209 323 3273 ritiam
345 3211 501 3274 celebrat.
525 3211 552 3273 A
574 3210 796 3274 Cheradamo:
820 3233 938 3273 sacrae
955 3213 1104 3297 paginae
1126 3217 1337 3273 instaurator

219 3308 354 3387 dieitur,
377 3332 394 3371 a
410 3308 499 3373 Guil.
516 3311 621 3373 Parvo
632 3310 740 3394 (1514)
752 3333 872 3395 magno
889 3310 1011 3396 eclogia
1028 3308 1217 3394 Theologus,
1234 3332 1252 3372 a
1268 3308 1338 3372 Til-

214 3429 334 3469 manno
351 3407 582 3486 Carthusian0‚
595 3411 784 3494 pinsjuato
793 3432 833 3470 ac
846 3407 990 3469 eruditus
1005 3409 1125 3469 Doctor
1141 3406 1331 3494 leeologus.

213 3506 394 3583 Pantanus,
413 3505 641 3569 Clichtoveum
653 3506 765 3582 habet,
784 3517 859 3592 post
874 3504 1028 3582 Fabrum,
1043 3506 1229 3579 Erasmum‚
1243 3505 1333 3568 Rau-

213 3601 328 3680 linum,
357 3605 449 3690 juxta
476 3603 613 3666 Badium
641 3616 672 3666 et
699 3603 912 3684 Bibaueium,
933 3603 1026 3689 quasi
1048 3602 1182 3692 Belgiae
1217 3602 1330 3679 decus,

211 3725 385 3764 sacrarum
406 3702 589 3764 litterarum
623 3703 753 3765 erudita
775 3703 1020 3789 explanatione.
1050 3701 1085 3764 Si
1106 3701 1223 3763 eredas
1251 3702 1330 3765 Phi-

211 3799 303 3886 lippo
329 3799 556 3888 Bergamensi,
580 3800 791 3863 Cliehtoveus
812 3799 859 3862 sie
880 3799 941 3863 fuit
962 3824 1107 3862 summus
1124 3800 1157 3862 in
1180 3802 1331 3863 Renova-

210 3897 300 3960 tione
317 3896 502 3961 litterarum
519 3897 721 3988 'theologus
738 3910 771 3961 ut
788 3897 941 3960 Budaeus
953 3911 985 3960 et
998 3900 1152 3961 Erasmus
1167 3898 1200 3960 iu
1216 3897 1331 3961 eadem

209 3995 301 4059 luere
326 3995 388 4059 viri
409 3995 657 4074 litteratissimi,
678 4008 711 4058 ut
731 3995 877 4059 Bovillas
898 3995 959 4059 suit
980 4020 1126 4059 summus
1148 3997 1331 4059 mathema·

208 4093 307 4172 ticus,
325 4107 357 4157 et
373 4095 479 4158 Faber
497 4094 556 4157 suit
572 4118 719 4157 summus
735 4094 966 4181 philosophus.
987 4094 1181 4181 Camperius
1197 4119 1332 4182 quoque

208 4204 241 4255 et
268 4204 343 4279 post
368 4192 475 4278 ipsum
500 4194 683 4256 Cassaneus
709 4192 901 4256 Clichtovco
930 4217 995 4255 non
1024 4192 1216 4256 inferiorem
1244 4192 1332 4256 inter

207 4289 296 4353 viros
316 4290 415 4377 hujus
433 4289 556 4353 saeculi
575 4289 879 4376 praestantissimos
896 4291 1004 4354 locum
1026 4290 1195 4380 assignant
1207 4290 1228 4354 ¹.

241 4526 266 4575 1.
288 4521 329 4574 Cs.
347 4522 501 4582 Launoium,
516 4523 584 4591 aeg.
602 4521 752 4576 Navarrae
767 4523 908 4592 gymnasii
921 4523 1052 4585 historia,
1066 4523 1134 4595 Opp.
1152 4524 1197 4587 IV,
1215 4545 1239 4595 p.
1259 4530 1321 4580 608.

203 4594 243 4648 De
257 4594 281 4647 J.
299 4594 456 4647 Clichtoveo.
