3074 5422
690 409 849 472 ..73-

213 544 475 634 indulgentiam:
500 572 515 604 «
549 543 653 608 Effeci
679 545 775 633 quale
803 544 910 609 lacere
938 545 1034 623 solet,
1060 547 1116 633 qui
1148 547 1331 633 preciosam

211 666 377 730 gemmam
398 642 467 706 luto
488 643 630 706 obsitam
651 641 803 719 offendit,
827 668 925 730 quam
946 644 1110 707 nonsatis
1130 669 1147 707 a
1170 669 1203 708 se
1220 645 1331 732 cogni·

210 752 276 802 tam
299 740 389 803 illico
410 741 509 804 docto
530 740 648 803 artifici
670 743 717 825 (ut
737 765 808 803 eam
829 741 946 804 sedulo
968 740 1132 832 detergat,
1151 742 1329 830 perpoliat,

211 861 373 926 suumque
396 838 530 902 solitum
558 838 693 901 inducat
719 852 918 925 reparatque
944 840 1097 922 nitorem)
1128 853 1327 926 praesentat.

212 938 258 999 lta
281 949 314 999 et
334 936 440 1013 vobis,
463 940 482 998 ὀ
507 936 724 1012 Parisienses,
754 936 811 998 has
837 936 1015 1000 litterarius
1040 961 1120 1024 opes
1140 951 1329 1024 praesento,

212 1045 247 1096 ut
268 1057 324 1096 vos
346 1033 524 1111 illustrent,
552 1047 584 1097 et
609 1059 668 1121 per
691 1059 746 1097 eas
766 1033 848 1097 alios
873 1034 1050 1098 uberius...
1073 1036 1235 1123 purgetis,
1259 1035 1330 1099 illu·

213 1131 345 1194 minetis
357 1144 456 1219 atque
473 1131 665 1220 perficiatis,
684 1156 844 1219 suumque
856 1132 922 1195 illis
940 1132 1081 1195 nitorem
1098 1133 1280 1197 restituatis
1299 1161 1327 1197 ».

211 1230 290 1292 Post
306 1230 387 1292 haec
403 1230 555 1317 Dionysii
571 1254 684 1316 opera,
704 1230 736 1292 in
754 1229 871 1293 eodem
890 1229 1057 1294 volumine
1074 1231 1331 1295 includebantur

210 1328 379 1414 Epistulae
405 1328 579 1415 quaedam,
605 1328 656 1390 vel
680 1327 843 1415 Dionysii,
866 1328 916 1391 vel
944 1328 1075 1417 Ignatii,
1108 1329 1166 1393 sed
1192 1354 1332 1418 apocry-

210 1425 306 1511 phae.
342 1427 416 1513 lpse
451 1425 663 1490 Clichtoveus
691 1426 857 1512 Epistulas
886 1427 1139 1513 apostolicorum
1171 1431 1328 1506 virorum,

210 1521 376 1600 videlicet,
394 1523 568 1600 Martialis,
587 1523 773 1610 Polycarpi,
793 1523 942 1599 Antonii,
960 1525 1167 1613 apocryphas
1181 1524 1328 1612 quidem,

210 1619 267 1682 sed
283 1644 365 1707 quas
381 1621 571 1684 autumabat
587 1621 807 1698 authenticas,
826 1646 912 1684 anno
928 1623 1023 1700 1512,
1039 1623 1073 1685 in
1087 1622 1194 1686 lucem
1207 1622 1328 1690 emisit.

254 1719 336 1782 Cum
369 1731 435 1781 tam
474 1718 629 1782 ardenter
653 1719 761 1804 ipsum
790 1719 851 1782 Dei
880 1719 1017 1782 verbum
1047 1734 1330 1809 prosequerentur

210 1815 316 1878 Faber
340 1829 372 1879 et
395 1816 619 1894 Clichtoveus,
648 1829 683 1880 ut
711 1816 919 1902 primarium,
957 1816 1092 1895 certiuS,
1125 1818 1329 1906 nitidiusque

209 1913 410 2003 Theologiae
429 1913 692 1990 fundamentum,
717 1938 783 1976 non
805 1914 944 1977 multum
967 1915 1000 1977 in
1016 1915 1206 1980 auctoribus
1227 1916 1330 1979 ecele-

211 2011 353 2074 siasticis
368 2025 462 2075 erant
482 2012 700 2075 immoraturi.
728 2011 794 2075 Sed
820 2036 894 2075 mox
914 2011 1005 2099 ipsos
1027 2012 1206 2100 inspiratos
1228 2014 1329 2102 scrip·

209 2121 297 2172 tores
318 2109 482 2199 attingere
503 2111 692 2197 cupiebant.
717 2112 829 2198 ltaque
850 2111 957 2173 Faber
978 2135 1064 2174 anno
1089 2113 1186 2189 1508,
1208 2114 1330 2175 Psalte-

210 2211 293 2270 riam
318 2208 536 2294 Quineriplex,
567 2222 599 2272 et
623 2233 708 2271 anno
734 2210 817 2271 1512
844 2210 1087 2272 Commentario
1112 2213 1145 2272 in
1164 2211 1331 2297 Epistulas

209 2305 274 2368 diei
299 2306 406 2384 Pauli,
436 2329 518 2392 quae
549 2330 701 2396 magnam
728 2306 910 2369 excitavere
941 2307 1212 2385 controversiam,
1240 2307 1330 2370 evul-

209 2414 309 2491 gavit.

252 2499 464 2565 Clichtoveus
485 2503 563 2567 item
585 2503 619 2565 in
634 2507 783 2566 urutiune
803 2503 837 2566 S.
861 2503 1032 2566 Bernurdi
1050 2504 1240 2567 lariduturiu
1261 2516 1330 2567 stu-

209 2597 325 2661 dentes
356 2601 507 2688 exemplo
533 2600 627 2663 istius
655 2600 809 2664 Doctoris
840 2601 880 2664 ad
910 2601 1145 2687 praeferendas
1176 2601 1329 2665 humanis

209 2697 410 2760 Ductoribus
431 2698 620 2785 Scripturas
641 2699 853 2761 hortabatur:
879 2702 987 2781 «Quo
1008 2723 1073 2763 unu
1095 2699 1227 2762 illorum
1251 2724 1329 2763 sane

208 2792 374 2858 damnavit
402 2796 619 2882 supercilium
646 2809 678 2860 et
704 2796 912 2859 fastidiosum
938 2797 1097 2874 animum,
1120 2797 1177 2885 qui
1195 2799 1328 2861 Sacram

209 2891 414 2979 Scripturam
434 2894 524 2957 velut
549 2894 708 2957 incultam
729 2894 983 2970 exhorrescunt,
1013 2919 1084 2957 eam
1110 2895 1222 2982 legere
1241 2895 1330 2959 sasti-

207 2988 303 3053 diunt
317 3003 350 3053 et
370 2990 607 3080 dedignantur,
632 3004 667 3055 ut
683 3005 738 3055 aut
757 2991 886 3055 facilem
908 2991 1046 3055 nimium
1063 3005 1118 3056 aut
1138 2993 1326 3056 obscuram.

207 3086 393 3151 Authorum
415 3114 491 3153 vero
513 3114 579 3153 non
599 3114 840 3178 usquequaque
867 3090 1083 3177 probatorum
1110 3091 1329 3178 expositioni-

207 3185 280 3263 bus,
311 3188 575 3274 quaestionibus,
612 3200 644 3250 et
678 3188 816 3275 argutiis
857 3190 1077 3251 immorantur
1108 3187 1253 3252 diutius:
1295 3189 1328 3252 in

205 3282 338 3347 illorum
359 3286 608 3350 commentariis
636 3302 750 3349 noctes
771 3285 908 3374 diesque
934 3298 1119 3363 versantur,
1143 3287 1219 3350 illos
1240 3286 1328 3351 solos

205 3381 371 3460 evolvunt,
394 3383 573 3470 exquibus
594 3396 649 3447 aut
668 3385 722 3447 vix
741 3408 885 3472 unquam
907 3397 962 3447 aut
984 3408 1050 3446 non
1070 3383 1152 3447 adeo
1174 3408 1327 3472 compen-

205 3477 309 3542 diaria
329 3479 380 3544 via
396 3481 436 3544 ad
456 3481 604 3545 veritatis
626 3482 830 3570 agnitionem
851 3482 1058 3570 perveniant.
1084 3508 1100 3543 a

247 3575 291 3640 At
311 3577 399 3641 inter
417 3603 528 3642 sacros
545 3580 738 3667 scriptores,
762 3604 829 3642 non
845 3579 940 3643 aliter
961 3604 997 3643 ac
1018 3581 1123 3643 Faber
1140 3592 1172 3644 et
1188 3580 1328 3644 Bricon-

205 3687 314 3753 netus,
334 3676 546 3741 Clichtoveus
566 3680 727 3742 loannem
744 3678 949 3765 Paulumque
964 3678 1185 3765 praeferebat,
1203 3677 1328 3765 quippe

205 3772 261 3860 qui
285 3772 546 3860 frequentiorem
573 3775 754 3839 muralibus
780 3789 812 3839 et
836 3775 1026 3863 allegoricis
1051 3775 1328 3863 explicationibus

203 3871 411 3934 occasionem
424 3873 629 3959 praebebant
645 3886 677 3936 et
690 3899 705 3936 a
723 3873 884 3961 Dionysio
899 3873 1049 3951 vocitari,
1070 3873 1140 3936 hie:
1157 3875 1332 3962 Evangelii

204 3970 272 4048 sul,·
286 3968 360 4032 ille:
378 3971 429 4033 sul
442 3975 595 4051 eximias,
619 3971 749 4034 fuerant
765 3971 891 4034 meriti:
916 3998 932 4032 a
954 3971 1063 4036 Verba
1083 3971 1169 4034 enim
1186 3971 1269 4058 ipsa,
1287 3971 1329 4034 de

207 4065 309 4129 Paulo
342 4068 522 4146 scribebat,
553 4069 681 4156 spirant
707 4068 957 4132 ardentissimas
986 4068 1116 4132 divinae
1140 4068 1329 4132 dilectionis

206 4161 353 4228 llammas
369 4165 491 4252 quibus
507 4166 685 4253 sacriloqui
703 4167 793 4230 Pauli
812 4179 929 4253 peetus
944 4178 1050 4229 totum
1066 4168 1217 4230 estuabat
1234 4192 1262 4229 u.
1279 4166 1329 4230 Ad

207 4284 259 4324 eas
270 4261 441 4351 legendas,
458 4265 542 4327 1508
555 4276 587 4328 et
600 4265 697 4342 1514,
711 4264 856 4327 scolares
870 4265 1082 4327 hortabatur:
1098 4291 1114 4325 a
1128 4264 1329 4327 Persuadete

207 4359 296 4422 vobis
326 4361 451 4424 nullum
475 4362 661 4425 litterarum
687 4361 833 4425 studium
860 4375 936 4450 post
960 4362 1150 4450 evangelica
1176 4362 1348 4449 dogmata

207 4456 317 4521 utilius
334 4482 371 4521 ac
387 4460 547 4523 sacratius
563 4484 580 4522 a
601 4484 733 4547 quoque
751 4460 899 4523 exerceri
916 4484 1025 4546 posse,
1043 4468 1151 4547 n'eque
1170 4458 1328 4523 Attalicas

209 4566 237 4616 et
260 4556 353 4620 Cresi
378 4580 458 4643 opes
480 4557 532 4620 his
557 4557 785 4644 spiritualibus
812 4557 937 4621 divitiis
959 4557 1178 4621 conserendas
1199 4581 1271 4621 esse
1295 4583 1324 4620 u.
