3098 5422
705 427 842 488 ..6-

212 564 492 629 coboTurbelino
514 563 654 626 musices
682 561 870 637 Theoriam,
900 573 1083 648 acceperat.
1112 561 1334 626 Commenda-

211 665 291 727 baut
310 687 443 751 quoque
458 661 602 726 Fabrum
618 672 687 723 tum
707 659 815 723 variae
832 660 927 723 dotes
943 659 1064 746 quibus
1086 658 1245 746 pollebat,
1263 672 1333 724 tum

211 760 339 824 scilicet
360 759 521 823 modestia
542 783 608 822 non
626 757 803 821 mediocris
823 761 888 845 qual
911 756 974 820 sibi
995 756 1189 844 discipulos,
1215 758 1334 847 magis·

210 872 293 936 tros,
304 857 495 945 optimates,
510 857 814 933 devinciebat,tuu1
828 855 999 918 liberalior
1008 879 1106 942 quam
1118 855 1151 918 in
1161 854 1334 920 tradendis

211 955 466 1044 philosophicis,
488 954 688 1041 theologicis
703 953 1022 1040 humanioribusque
1039 951 1227 1040 disciplinis
1243 952 1335 1017 adhi-

212 1054 311 1117 bebat
337 1052 525 1130 methodus,
548 1065 617 1115 tuni
644 1051 789 1139 denique
810 1050 916 1114 dulcis
942 1074 1006 1138 qua
1033 1050 1163 1114 lovebat
1183 1052 1334 1114 alumnos

212 1151 359 1215 dilectio.

257 1253 330 1331 Quo
340 1248 494 1326 docente,
513 1247 870 1312 Cardinalis·hl‹)naiclii
887 1247 1063 1335 collegium
1074 1246 1117 1310 ita
1127 1246 1213 1310 inter
1224 1260 1333 1311 cetera

214 1347 365 1425 eminuit,
381 1360 415 1411 ut
426 1347 479 1409 vix
491 1345 697 1434 intelligatur
712 1346 867 1409 (Iarolum
878 1349 891 1409 J
897 1345 1057 1408 ordanum
1066 1342 1086 1421 ¹,
1098 1344 1333 1433 Magistrorum

212 1444 309 1531 hujus
324 1443 457 1533 collegii
476 1442 595 1506 seriem
612 1467 628 1506 a
644 1444 783 1507 Vatablo
797 1445 885 1507 circa
903 1445 984 1507 1526
1000 1455 1128 1505 tantum
1146 1442 1331 1521 inchoasse,

212 1542 335 1606 omisso
349 1565 487 1630 prorsus
504 1542 628 1605 Jacobo
645 1542 751 1605 Fabro
770 1542 974 1628 Stapulcnsi,
992 1541 1062 1628 qui,
1084 1565 1100 1604 a
1119 1541 1216 1619 1490,
1240 1540 1333 1629 plau-

212 1639 369 1704 dentibus
386 1639 572 1727 discipulis,
589 1641 652 1703 hoc
674 1639 705 1701 in
728 1639 801 1702 loco
818 1640 946 1703 litteras
967 1640 1034 1702 fere
1051 1639 1230 1704 renovavit.

258 1738 306 1803 lbi
342 1738 476 1816 etenim,
511 1738 572 1800 sub
611 1737 839 1824 provisoribus
870 1737 1034 1803 Raveloue
1069 1750 1101 1801 et
1139 1737 1334 1802 Theobaldo

214 1837 317 1900 Parvo
343 1837 463 1921 (1496),
487 1835 607 1898 multos
634 1835 850 1925 congregavit
877 1836 1058 1912 auditores,
1084 1848 1154 1898 tum
1177 1834 1331 1913 advenas,

212 1949 248 1999 ut
273 1934 462 1998 Boleslaum
485 1934 700 2015 Tinnensem‚
721 1934 880 1997 Davidem
904 1934 1113 2011 Lauxiacum,
1135 1934 1330 2012 Bohemum,

213 2032 415 2096 Ludovicum
445 2055 578 2119 quoque
602 2030 857 2107 Villamnovanr,
885 2033 1073 2119 hispanum,
1106 2031 1333 2094 Eleutherium

212 2130 392 2207 Audacem,
423 2130 565 2219 belgam,
592 2142 661 2192 tum
690 2129 807 2219 gallos,
835 2142 870 2193 ut
893 2130 1106 2194 Guillelmum
1137 2129 1333 2193 Gonterium

213 2241 245 2292 et
268 2229 474 2316 Stephanum
500 2230 570 2314 ejus
601 2228 752 2305 fratrem,
774 2240 842 2291 tum
864 2228 1003 2291 maxime
1024 2227 1225 2305 Picardicos,
1248 2241 1283 2291 ut
1303 2231 1318 2292 J
1325 2280 1330 2292 .

212 2327 385 2404 Michault,
409 2326 449 2389 dc
470 2325 646 2403 GravibuS,
671 2328 807 2389 Petrum
828 2328 999 2402 Boussart,
1022 2327 1180 2389 'l‘homam
1198 2325 1331 2404 Daillet,

214 2429 372 2491 loannem
397 2423 616 2501 l'ellitarium,
639 2448 656 2487 e
676 2423 821 2487 dioecesi
837 2424 1051 2488 Ambianensi
1071 2423 1241 2499 oriundos,
1263 2436 1334 2487 tum

215 2522 360 2611 denique
390 2522 545 2585 Carolum
569 2521 731 2585 Bovillum
759 2520 1024 2597 Noviomenscm,
1049 2523 1105 2610 qui
1134 2522 1242 2585 Fabro
1265 2521 1333 2585 ruri

213 2620 385 2698 villicanti,
405 2620 481 2683 dum
499 2619 647 2683 Lutetiae
664 2619 830 2683 saeviebat
843 2620 958 2708 pestis,
976 2644 1062 2683 anno
1081 2621 1176 2698 1195,
1193 2619 1333 2683 feliciter

214 2719 329 2783 obvius
346 2719 418 2782 luit.

259 2816 302 2880 At
326 2816 453 2904 primus
479 2816 566 2879 inter
586 2839 701 2879 omnes
717 2815 816 2879 Fabri
836 2816 1004 2880 auditores
1024 2816 1162 2879 eminuit
1184 2814 1333 2880 Clichto-

214 2939 311 2993 veus3
334 2915 392 3002 qui
408 2938 482 2977 cum
497 2914 590 3001 prius
606 2914 849 3001 grammaticae,
867 2914 1006 3002 logicae,
1024 2915 1192 3001 physicae,
1213 2927 1245 2977 et
1264 2938 1332 2976 mo·

216 3012 341 3077 ralibus
362 3011 556 3090 studuisset,
578 3012 738 3102 Magister
759 3011 890 3090 artium,
909 3036 996 3075 rinno
1011 3013 1108 3090 1499,
1126 3011 1333 3075 renuntiatus

216 3124 285 3175 est:
304 3110 381 3173 dein
397 3109 525 3174 Bibliae
540 3109 806 3198 theologicisquc
819 3111 1010 3174 auctoribus
1025 3110 1149 3174 vacavit
1169 3122 1200 3173 et
1216 3111 1333 3173 bacca·

215 3209 316 3272 larius
340 3208 373 3270 in
399 3206 580 3295 'l'heologia
609 3231 694 3270 auno
722 3207 805 3271 1498
831 3208 995 3271 nominari
1019 3208 1157 3271 meritus
1181 3220 1243 3271 cst.
1268 3209 1333 3272 Nec

215 3319 342 3369 tantum
358 3330 418 3392 pro
435 3305 614 3392 semetipso
630 3304 807 3385 insudavit,
831 3307 888 3370 sed
908 3307 1005 3369 etiam
1022 3330 1081 3394 pro
1102 3305 1261 3396 magistro
1277 3307 1330 3368 Fa·

216 3405 277 3467 bro
302 3404 527 3491 studiosisque
553 3404 672 3466 artium
698 3404 887 3489 juvenibus.
917 3404 1016 3468 Fabri
1045 3405 1132 3467 enim
1160 3403 1332 3468 Introduc-

216 3507 318 3566 tiones
342 3501 392 3564 vel
415 3503 461 3565 od
486 3503 526 3565 Vl
540 3506 668 3588 primos
693 3502 794 3565 libros
814 3503 1058 3590 lleraptysteos
1084 3502 1192 3588 (1490)
1212 3502 1263 3565 vcl
1293 3501 1333 3565 ad

217 3601 319 3664 libros
339 3601 500 3685 Physieos
524 3600 710 3663 Aristotelis
738 3600 859 3687 (1499),
892 3599 1003 3663 addito
1030 3600 1254 3664 exhortatorio
1283 3600 1332 3662 vel

218 3697 450 3789 regratiatorio
471 3695 636 3761 carmine²
660 3698 701 3761 ad
724 3698 830 3761 socios
852 3711 884 3762 et
903 3699 1147 3787 typographum
1169 3701 1330 3787 llygman,

254 3914 279 3963 1.
301 3913 337 3963 Le
353 3909 463 3978 Collige
479 3908 518 3961 du
536 3908 674 3961 Cordiuol
689 3911 827 3966 Lemaire.
846 3910 1000 3962 Excursions
1012 3910 1166 3980 historiques
1179 3917 1204 3962 ct
1218 3910 1332 3981 philoso-

217 3983 325 4054 phiqucs
340 3984 354 4033 i
369 3989 465 4033 travers
478 3981 502 4032 lc
515 3981 608 4050 Moycn
623 3981 687 4049 Ago,
705 4000 730 4050 p.
749 3984 879 4036 268-302.

254 4057 278 4106 2.
300 4054 353 4105 lac.
372 4052 433 4103 Fab.
451 4051 521 4122 Stap.
540 4053 566 4103 in
581 4052 697 4123 physicos
712 4052 789 4104 libros
802 4053 881 4107 Arist.
896 4053 1025 4123 llygman‚
1044 4055 1121 4111 1492,
1138 4053 1208 4105 in-t.
1233 4074 1247 4104 u
1268 4053 1333 4105 Car-

218 4144 277 4177 men
293 4124 465 4176 decastichum
480 4124 494 4175 J
498 4122 571 4175 udoci
584 4124 737 4176 Clicbthoue
750 4125 817 4194 (sic)
831 4126 1036 4193 regratiatorium
1052 4142 1142 4176 eorum
1156 4125 1201 4195 qui
1211 4125 1260 4176 hoc
1271 4143 1334 4196 opus

217 4197 333 4268 imprimi
347 4203 508 4248 curaverunt.

450 4291 569 4338 Laudatur
581 4290 691 4340 Phidias:
709 4299 783 4354 pictor
798 4293 907 4340 laudatur
922 4293 1023 4355 Apollas.

450 4353 527 4401 Laudo
542 4361 616 4418 magis
629 4354 714 4418 dignor
726 4363 767 4418 qui
781 4362 866 4417 premit
881 4372 933 4402 sero
948 4363 1021 4402 notas.

451 4452 498 4464 .....
514 4417 607 4464 Dchetis
619 4423 695 4480 grates
709 4419 841 4464 Alcmanno
856 4425 878 4465 et
889 4418 993 4481 adusque
1005 4420 1089 4465 Joanni

450 4480 552 4543 Higman
567 4486 608 4543 qui
622 4487 724 4542 propriis
737 4481 868 4542 sumptibus
881 4488 929 4544 egit
942 4498 1008 4543 opus.

451 4541 561 4589 Mendam
574 4544 679 4604 corripui
693 4542 740 4590 fido
753 4549 878 4590 comitante
891 4542 991 4592 Bohemo

449 4605 492 4666 (Ut
505 4608 582 4667 potui)
595 4612 620 4651 in
634 4606 730 4667 plumbo
744 4612 763 4651 si
777 4622 822 4667 qua
837 4607 917 4653 relicta
929 4606 981 4652 fuit.
