<?xml version="1.0" encoding="UTF-8"?>
<!DOCTYPE html PUBLIC "-//W3C//DTD XHTML 1.0 Transitional//EN"
    "http://www.w3.org/TR/xhtml1/DTD/xhtml1-transitional.dtd">
<html xmlns="http://www.w3.org/1999/xhtml" xml:lang="en" lang="en">
 <head>
  <title>
</title>
<meta http-equiv="Content-Type" content="text/html;charset=utf-8" />
  <meta name='ocr-system' content='tesseract 3.04.00' />
  <meta name='ocr-capabilities' content='ocr_page ocr_carea ocr_par ocr_line ocrx_word'/>
</head>
<body>
  <div class='ocr_page' id='page_1' title='image "./dejudociclichto00clergoog_0092.png"; bbox 0 0 3074 5422; ppageno 0'>
   <div class='ocr_carea' id='block_1_1' title="bbox 601 417 760 478">
    <p class='ocr_par' dir='ltr' id='par_1_1' title="bbox 601 417 760 478">
     <span class='ocr_line' id='line_1_1' title="bbox 601 417 760 478; baseline -0.006 -15"><span class='ocrx_word' id='word_1_1' title='bbox 601 417 760 478; x_wconf 85' lang='lat'>-55..</span> 
     </span>
    </p>
   </div>
   <div class='ocr_carea' id='block_1_2' title="bbox 110 553 1302 4642">
    <p class='ocr_par' dir='ltr' id='par_1_2' title="bbox 116 553 1237 1524">
     <span class='ocr_line' id='line_1_2' title="bbox 162 553 1236 640; baseline -0.004 -20"><span class='ocrx_word' id='word_1_2' title='bbox 162 558 202 620; x_wconf 87' lang='lat' dir='ltr'>Et</span> <span class='ocrx_word' id='word_1_3' title='bbox 222 579 336 619; x_wconf 90' lang='lat' dir='ltr'>revera</span> <span class='ocrx_word' id='word_1_4' title='bbox 353 579 427 618; x_wconf 92' lang='lat' dir='ltr'>cum</span> <span class='ocrx_word' id='word_1_5' title='bbox 447 555 555 618; x_wconf 89' lang='lat' dir='ltr'>Fabro</span> <span class='ocrx_word' id='word_1_6' title='bbox 577 553 789 618; x_wconf 89' lang='lat' dir='ltr'>Clichtoveus</span> <span class='ocrx_word' id='word_1_7' title='bbox 804 565 918 616; x_wconf 91' lang='lat' dir='ltr'>noster</span> <span class='ocrx_word' id='word_1_8' title='bbox 932 553 1018 616; x_wconf 86' lang='lat' dir='ltr'>inter</span> <span class='ocrx_word' id='word_1_9' title='bbox 1039 554 1236 640; x_wconf 88' lang='lat' dir='ltr'>praecipuos</span> 
     </span>
     <span class='ocr_line' id='line_1_3' title="bbox 119 651 1237 739; baseline -0.003 -22"><span class='ocrx_word' id='word_1_10' title='bbox 119 655 303 718; x_wconf 87' lang='lat' dir='ltr'>litterarum</span> <span class='ocrx_word' id='word_1_11' title='bbox 326 665 564 716; x_wconf 82' lang='lat' dir='ltr'>restauratores</span> <span class='ocrx_word' id='word_1_12' title='bbox 591 663 640 714; x_wconf 94' lang='lat' dir='ltr'>est</span> <span class='ocrx_word' id='word_1_13' title='bbox 664 651 888 715; x_wconf 81' lang='lat' dir='ltr'>collocandus</span> <span class='ocrx_word' id='word_1_14' title='bbox 919 651 1073 714; x_wconf 89' lang='lat' dir='ltr'>Pluribus</span> <span class='ocrx_word' id='word_1_15' title='bbox 1102 652 1237 739; x_wconf 91' lang='lat' dir='ltr'>quidem</span> 
     </span>
     <span class='ocr_line' id='line_1_4' title="bbox 117 749 1237 841; baseline -0.003 -26"><span class='ocrx_word' id='word_1_16' title='bbox 117 753 193 839; x_wconf 88' lang='lat' dir='ltr'>styli</span> <span class='ocrx_word' id='word_1_17' title='bbox 210 751 373 841; x_wconf 83' lang='lat' dir='ltr'>elegantia</span> <span class='ocrx_word' id='word_1_18' title='bbox 395 749 507 827; x_wconf 91' lang='lat' dir='ltr'>eessit,</span> <span class='ocrx_word' id='word_1_19' title='bbox 531 750 589 812; x_wconf 90' lang='lat' dir='ltr'>sed</span> <span class='ocrx_word' id='word_1_20' title='bbox 605 749 794 836; x_wconf 88' lang='lat' dir='ltr'>plerosque,</span> <span class='ocrx_word' id='word_1_21' title='bbox 818 750 1059 812; x_wconf 89' lang='lat' dir='ltr'>sententiarum</span> <span class='ocrx_word' id='word_1_22' title='bbox 1078 749 1237 838; x_wconf 87' lang='lat' dir='ltr'>gravitate</span> 
     </span>
     <span class='ocr_line' id='line_1_5' title="bbox 119 847 1237 935; baseline -0.003 -22"><span class='ocrx_word' id='word_1_23' title='bbox 119 863 151 913; x_wconf 84' lang='lat' dir='ltr'>et</span> <span class='ocrx_word' id='word_1_24' title='bbox 175 850 312 913; x_wconf 88' lang='lat' dir='ltr'>veritate</span> <span class='ocrx_word' id='word_1_25' title='bbox 334 848 525 935; x_wconf 81' lang='lat' dir='ltr'>ingeniique</span> <span class='ocrx_word' id='word_1_26' title='bbox 552 848 687 910; x_wconf 91' lang='lat' dir='ltr'>dotibus</span> <span class='ocrx_word' id='word_1_27' title='bbox 712 847 889 934; x_wconf 88' lang='lat' dir='ltr'>superavit.</span> <span class='ocrx_word' id='word_1_28' title='bbox 921 849 1052 934; x_wconf 88' lang='lat' dir='ltr'>Quippe</span> <span class='ocrx_word' id='word_1_29' title='bbox 1084 847 1140 934; x_wconf 90' lang='lat' dir='ltr'>qui</span> <span class='ocrx_word' id='word_1_30' title='bbox 1171 872 1237 910; x_wconf 91' lang='lat' dir='ltr'>non</span> 
     </span>
     <span class='ocr_line' id='line_1_6' title="bbox 117 945 1237 1032; baseline -0.004 -20"><span class='ocrx_word' id='word_1_31' title='bbox 117 961 245 1012; x_wconf 91' lang='lat' dir='ltr'>tantum</span> <span class='ocrx_word' id='word_1_32' title='bbox 279 948 405 1011; x_wconf 88' lang='lat' dir='ltr'>litteras</span> <span class='ocrx_word' id='word_1_33' title='bbox 437 946 586 1008; x_wconf 91' lang='lat' dir='ltr'>scientiis</span> <span class='ocrx_word' id='word_1_34' title='bbox 620 945 866 1022; x_wconf 90' lang='lat' dir='ltr'>ecclesiasticis,</span> <span class='ocrx_word' id='word_1_35' title='bbox 903 945 1145 1032; x_wconf 84' lang='lat' dir='ltr'>philosophicis</span> <span class='ocrx_word' id='word_1_36' title='bbox 1181 958 1237 1008; x_wconf 90' lang='lat' dir='ltr'>aut</span> 
     </span>
     <span class='ocr_line' id='line_1_7' title="bbox 117 1042 1235 1136; baseline -0.004 -26"><span class='ocrx_word' id='word_1_37' title='bbox 117 1045 328 1136; x_wconf 82' lang='lat' dir='ltr'>theologicis,</span> <span class='ocrx_word' id='word_1_38' title='bbox 345 1044 540 1119; x_wconf 84' lang='lat' dir='ltr'>admiscere,</span> <span class='ocrx_word' id='word_1_39' title='bbox 560 1042 618 1106; x_wconf 93' lang='lat' dir='ltr'>sed</span> <span class='ocrx_word' id='word_1_40' title='bbox 645 1043 743 1106; x_wconf 89' lang='lat' dir='ltr'>etiam</span> <span class='ocrx_word' id='word_1_41' title='bbox 765 1067 863 1105; x_wconf 91' lang='lat' dir='ltr'>novas</span> <span class='ocrx_word' id='word_1_42' title='bbox 895 1042 1069 1105; x_wconf 87' lang='lat' dir='ltr'>methodos</span> <span class='ocrx_word' id='word_1_43' title='bbox 1090 1043 1235 1131; x_wconf 91' lang='lat' dir='ltr'>antiquis</span> 
     </span>
     <span class='ocr_line' id='line_1_8' title="bbox 117 1141 1237 1230; baseline -0.003 -23"><span class='ocrx_word' id='word_1_44' title='bbox 117 1144 329 1208; x_wconf 88' lang='lat' dir='ltr'>humaniores</span> <span class='ocrx_word' id='word_1_45' title='bbox 351 1142 415 1205; x_wconf 90' lang='lat' dir='ltr'>imo</span> <span class='ocrx_word' id='word_1_46' title='bbox 436 1154 468 1205; x_wconf 92' lang='lat' dir='ltr'>ct</span> <span class='ocrx_word' id='word_1_47' title='bbox 487 1141 704 1228; x_wconf 79' lang='lat' dir='ltr'>perfectiores</span> <span class='ocrx_word' id='word_1_48' title='bbox 726 1166 922 1230; x_wconf 88' lang='lat' dir='ltr'>propagare,</span> <span class='ocrx_word' id='word_1_49' title='bbox 955 1154 1092 1204; x_wconf 89' lang='lat' dir='ltr'>conatus</span> <span class='ocrx_word' id='word_1_50' title='bbox 1109 1154 1178 1205; x_wconf 92' lang='lat' dir='ltr'>est:</span> <span class='ocrx_word' id='word_1_51' title='bbox 1204 1153 1237 1204; x_wconf 87' lang='lat' dir='ltr'>ct</span> 
     </span>
     <span class='ocr_line' id='line_1_9' title="bbox 117 1239 1236 1330; baseline -0.003 -25"><span class='ocrx_word' id='word_1_52' title='bbox 117 1242 251 1330; x_wconf 90' lang='lat' dir='ltr'>quidem</span> <span class='ocrx_word' id='word_1_53' title='bbox 277 1242 340 1304; x_wconf 91' lang='lat' dir='ltr'>hoo</span> <span class='ocrx_word' id='word_1_54' title='bbox 360 1239 501 1304; x_wconf 86' lang='lat' dir='ltr'>feliciter</span> <span class='ocrx_word' id='word_1_55' title='bbox 520 1239 631 1302; x_wconf 83' lang='lat' dir='ltr'>forsan</span> <span class='ocrx_word' id='word_1_56' title='bbox 651 1239 878 1316; x_wconf 88' lang='lat' dir='ltr'>successisset,</span> <span class='ocrx_word' id='word_1_57' title='bbox 901 1239 965 1302; x_wconf 93' lang='lat' dir='ltr'>nisi</span> <span class='ocrx_word' id='word_1_58' title='bbox 989 1239 1236 1326; x_wconf 91' lang='lat' dir='ltr'>suspicionibus</span> 
     </span>
     <span class='ocr_line' id='line_1_10' title="bbox 117 1337 1236 1426; baseline -0.004 -22"><span class='ocrx_word' id='word_1_59' title='bbox 117 1341 158 1404; x_wconf 94' lang='lat' dir='ltr'>ob</span> <span class='ocrx_word' id='word_1_60' title='bbox 178 1339 323 1404; x_wconf 91' lang='lat' dir='ltr'>Gallicos</span> <span class='ocrx_word' id='word_1_61' title='bbox 344 1341 594 1426; x_wconf 86' lang='lat' dir='ltr'>Germanosque</span> <span class='ocrx_word' id='word_1_62' title='bbox 611 1337 859 1401; x_wconf 87' lang='lat' dir='ltr'>Reformatores</span> <span class='ocrx_word' id='word_1_63' title='bbox 876 1338 916 1401; x_wconf 88' lang='lat' dir='ltr'>de</span> <span class='ocrx_word' id='word_1_64' title='bbox 933 1362 967 1400; x_wconf 92' lang='lat' dir='ltr'>se</span> <span class='ocrx_word' id='word_1_65' title='bbox 986 1338 1149 1416; x_wconf 78' lang='lat' dir='ltr'>excitatiS,</span> <span class='ocrx_word' id='word_1_66' title='bbox 1164 1362 1236 1400; x_wconf 86' lang='lat' dir='ltr'>orn·</span> 
     </span>
     <span class='ocr_line' id='line_1_11' title="bbox 116 1436 890 1524; baseline -0.005 -22"><span class='ocrx_word' id='word_1_67' title='bbox 116 1439 194 1502; x_wconf 90' lang='lat' dir='ltr'>uino</span> <span class='ocrx_word' id='word_1_68' title='bbox 210 1437 327 1502; x_wconf 90' lang='lat' dir='ltr'>suisset</span> <span class='ocrx_word' id='word_1_69' title='bbox 347 1436 539 1524; x_wconf 90' lang='lat' dir='ltr'>impeditus,</span> <span class='ocrx_word' id='word_1_70' title='bbox 558 1437 624 1500; x_wconf 91' lang='lat' dir='ltr'>imo</span> <span class='ocrx_word' id='word_1_71' title='bbox 645 1449 678 1500; x_wconf 93' lang='lat' dir='ltr'>et</span> <span class='ocrx_word' id='word_1_72' title='bbox 698 1436 890 1499; x_wconf 76' lang='lat' dir='ltr'>deterritus,</span> 
     </span>
    </p>

    <p class='ocr_par' dir='ltr' id='par_1_3' title="bbox 117 1534 1302 2015">
     <span class='ocr_line' id='line_1_12' title="bbox 157 1534 1237 1624; baseline -0.004 -24"><span class='ocrx_word' id='word_1_73' title='bbox 157 1539 325 1624; x_wconf 86' lang='lat' dir='ltr'>Ingenuae</span> <span class='ocrx_word' id='word_1_74' title='bbox 341 1548 373 1599; x_wconf 89' lang='lat' dir='ltr'>et</span> <span class='ocrx_word' id='word_1_75' title='bbox 395 1535 543 1599; x_wconf 89' lang='lat' dir='ltr'>liberalis</span> <span class='ocrx_word' id='word_1_76' title='bbox 567 1535 799 1612; x_wconf 79' lang='lat' dir='ltr'>institutioniS,</span> <span class='ocrx_word' id='word_1_77' title='bbox 823 1559 921 1622; x_wconf 92' lang='lat' dir='ltr'>quam</span> <span class='ocrx_word' id='word_1_78' title='bbox 940 1559 957 1598; x_wconf 94' lang='lat' dir='ltr'>a</span> <span class='ocrx_word' id='word_1_79' title='bbox 979 1535 1087 1598; x_wconf 89' lang='lat' dir='ltr'>Fabro</span> <span class='ocrx_word' id='word_1_80' title='bbox 1109 1534 1237 1620; x_wconf 90' lang='lat' dir='ltr'>recepit</span> 
     </span>
     <span class='ocr_line' id='line_1_13' title="bbox 117 1631 1236 1721; baseline -0.002 -23"><span class='ocrx_word' id='word_1_81' title='bbox 117 1648 148 1698; x_wconf 91' lang='lat' dir='ltr'>et</span> <span class='ocrx_word' id='word_1_82' title='bbox 175 1659 249 1697; x_wconf 88' lang='lat' dir='ltr'>curn</span> <span class='ocrx_word' id='word_1_83' title='bbox 272 1635 344 1721; x_wconf 91' lang='lat' dir='ltr'>ipso</span> <span class='ocrx_word' id='word_1_84' title='bbox 374 1633 408 1697; x_wconf 93' lang='lat' dir='ltr'>in</span> <span class='ocrx_word' id='word_1_85' title='bbox 438 1633 541 1697; x_wconf 88' lang='lat' dir='ltr'>veteri</span> <span class='ocrx_word' id='word_1_86' title='bbox 574 1633 796 1698; x_wconf 90' lang='lat' dir='ltr'>Universitate</span> <span class='ocrx_word' id='word_1_87' title='bbox 827 1631 1008 1707; x_wconf 83' lang='lat' dir='ltr'>Parisiensi</span> <span class='ocrx_word' id='word_1_88' title='bbox 1035 1632 1236 1696; x_wconf 88' lang='lat' dir='ltr'>substituere</span> 
     </span>
     <span class='ocr_line' id='line_1_14' title="bbox 117 1730 1233 1819; baseline -0.003 -23"><span class='ocrx_word' id='word_1_89' title='bbox 117 1733 267 1810; x_wconf 88' lang='lat' dir='ltr'>tentavit,</span> <span class='ocrx_word' id='word_1_90' title='bbox 307 1733 413 1795; x_wconf 87' lang='lat' dir='ltr'>Faber</span> <span class='ocrx_word' id='word_1_91' title='bbox 450 1732 522 1819; x_wconf 90' lang='lat' dir='ltr'>ipse</span> <span class='ocrx_word' id='word_1_92' title='bbox 556 1732 757 1818; x_wconf 89' lang='lat' dir='ltr'>completum</span> <span class='ocrx_word' id='word_1_93' title='bbox 792 1755 1001 1819; x_wconf 85' lang='lat' dir='ltr'>programma</span> <span class='ocrx_word' id='word_1_94' title='bbox 1035 1730 1233 1817; x_wconf 84' lang='lat' dir='ltr'>descripsit:</span> 
     </span>
     <span class='ocr_line' id='line_1_15' title="bbox 119 1828 1302 1919; baseline -0.003 -25"><span class='ocrx_word' id='word_1_95' title='bbox 119 1831 206 1919; x_wconf 91' lang='lat' dir='ltr'>quod</span> <span class='ocrx_word' id='word_1_96' title='bbox 229 1855 303 1894; x_wconf 89' lang='lat' dir='ltr'>curn</span> <span class='ocrx_word' id='word_1_97' title='bbox 328 1829 428 1893; x_wconf 89' lang='lat' dir='ltr'>fuerit</span> <span class='ocrx_word' id='word_1_98' title='bbox 449 1830 542 1918; x_wconf 92' lang='lat' dir='ltr'>quasi</span> <span class='ocrx_word' id='word_1_99' title='bbox 568 1830 651 1892; x_wconf 90' lang='lat' dir='ltr'>ratio</span> <span class='ocrx_word' id='word_1_100' title='bbox 678 1829 864 1893; x_wconf 90' lang='lat' dir='ltr'>studiorum</span> <span class='ocrx_word' id='word_1_101' title='bbox 887 1828 1084 1906; x_wconf 88' lang='lat' dir='ltr'>Clichtovei,</span> <span class='ocrx_word' id='word_1_102' title='bbox 1111 1828 1235 1892; x_wconf 90' lang='lat' dir='ltr'>referre</span> <span class='ocrx_word' id='word_1_103' title='bbox 1300 1847 1302 1851; x_wconf 77' lang='grc'>’</span> 
     </span>
     <span class='ocr_line' id='line_1_16' title="bbox 118 1927 870 2015; baseline -0.003 -23"><span class='ocrx_word' id='word_1_104' title='bbox 118 1930 170 1993; x_wconf 90' lang='lat' dir='ltr'>hic</span> <span class='ocrx_word' id='word_1_105' title='bbox 190 1929 224 1992; x_wconf 91' lang='lat' dir='ltr'>in</span> <span class='ocrx_word' id='word_1_106' title='bbox 246 1941 382 1991; x_wconf 87' lang='lat' dir='ltr'>extenso</span> <span class='ocrx_word' id='word_1_107' title='bbox 403 1952 469 1991; x_wconf 93' lang='lat' dir='ltr'>non</span> <span class='ocrx_word' id='word_1_108' title='bbox 490 1927 552 1991; x_wconf 92' lang='lat' dir='ltr'>erit</span> <span class='ocrx_word' id='word_1_109' title='bbox 568 1952 870 2015; x_wconf 87' lang='lat' dir='ltr'>supervacaneum:</span> 
     </span>
    </p>

    <p class='ocr_par' dir='ltr' id='par_1_4' title="bbox 110 2025 1235 3489">
     <span class='ocr_line' id='line_1_17' title="bbox 162 2025 1235 2114; baseline 0 -26"><span class='ocrx_word' id='word_1_110' title='bbox 162 2055 177 2088; x_wconf 80' lang='lat' dir='ltr'>a</span> <span class='ocrx_word' id='word_1_111' title='bbox 195 2026 398 2090; x_wconf 87' lang='lat' dir='ltr'>Faciendum</span> <span class='ocrx_word' id='word_1_112' title='bbox 414 2027 483 2110; x_wconf 91' lang='lat' dir='ltr'>(ceu</span> <span class='ocrx_word' id='word_1_113' title='bbox 495 2026 528 2088; x_wconf 92' lang='lat' dir='ltr'>in</span> <span class='ocrx_word' id='word_1_114' title='bbox 542 2026 818 2114; x_wconf 89' lang='lat' dir='ltr'>praeclarioribus</span> <span class='ocrx_word' id='word_1_115' title='bbox 831 2025 1028 2112; x_wconf 90' lang='lat' dir='ltr'>quibusdam</span> <span class='ocrx_word' id='word_1_116' title='bbox 1040 2025 1121 2088; x_wconf 90' lang='lat' dir='ltr'>locis</span> <span class='ocrx_word' id='word_1_117' title='bbox 1135 2025 1235 2089; x_wconf 87' lang='lat' dir='ltr'>etiarn</span> 
     </span>
     <span class='ocr_line' id='line_1_18' title="bbox 116 2123 1234 2209; baseline -0.004 -19"><span class='ocrx_word' id='word_1_118' title='bbox 116 2150 202 2190; x_wconf 88' lang='lat' dir='ltr'>nunc</span> <span class='ocrx_word' id='word_1_119' title='bbox 223 2125 330 2188; x_wconf 87' lang='lat' dir='ltr'>facere</span> <span class='ocrx_word' id='word_1_120' title='bbox 351 2124 461 2202; x_wconf 91' lang='lat' dir='ltr'>audio,</span> <span class='ocrx_word' id='word_1_121' title='bbox 485 2124 572 2187; x_wconf 91' lang='lat' dir='ltr'>unde</span> <span class='ocrx_word' id='word_1_122' title='bbox 597 2136 629 2187; x_wconf 91' lang='lat' dir='ltr'>et</span> <span class='ocrx_word' id='word_1_123' title='bbox 659 2137 828 2186; x_wconf 91' lang='lat' dir='ltr'>merentur</span> <span class='ocrx_word' id='word_1_124' title='bbox 849 2123 990 2209; x_wconf 83' lang='lat' dir='ltr'>laudem)</span> <span class='ocrx_word' id='word_1_125' title='bbox 1007 2136 1043 2186; x_wconf 96' lang='lat' dir='ltr'>ut</span> <span class='ocrx_word' id='word_1_126' title='bbox 1071 2125 1234 2187; x_wconf 89' lang='lat' dir='ltr'>bonorum</span> 
     </span>
     <span class='ocr_line' id='line_1_19' title="bbox 114 2221 1234 2310; baseline -0.004 -21"><span class='ocrx_word' id='word_1_127' title='bbox 114 2225 290 2288; x_wconf 89' lang='lat' dir='ltr'>authorum</span> <span class='ocrx_word' id='word_1_128' title='bbox 311 2222 388 2285; x_wconf 89' lang='lat' dir='ltr'>libri</span> <span class='ocrx_word' id='word_1_129' title='bbox 408 2222 551 2309; x_wconf 85' lang='lat' dir='ltr'>(rejectis</span> <span class='ocrx_word' id='word_1_130' title='bbox 572 2223 696 2310; x_wconf 91' lang='lat' dir='ltr'>absque</span> <span class='ocrx_word' id='word_1_131' title='bbox 722 2234 810 2285; x_wconf 90' lang='lat' dir='ltr'>certa</span> <span class='ocrx_word' id='word_1_132' title='bbox 828 2221 952 2284; x_wconf 91' lang='lat' dir='ltr'>autoris</span> <span class='ocrx_word' id='word_1_133' title='bbox 969 2221 1108 2308; x_wconf 87' lang='lat' dir='ltr'>alicujus</span> <span class='ocrx_word' id='word_1_134' title='bbox 1124 2221 1234 2285; x_wconf 90' lang='lat' dir='ltr'>littera</span> 
     </span>
     <span class='ocr_line' id='line_1_20' title="bbox 111 2320 1234 2410; baseline -0.004 -24"><span class='ocrx_word' id='word_1_135' title='bbox 111 2336 145 2386; x_wconf 89' lang='lat' dir='ltr'>ct</span> <span class='ocrx_word' id='word_1_136' title='bbox 170 2320 411 2410; x_wconf 83' lang='lat' dir='ltr'>frigidiusculis</span> <span class='ocrx_word' id='word_1_137' title='bbox 446 2320 681 2407; x_wconf 78' lang='lat' dir='ltr'>phantascolis)</span> <span class='ocrx_word' id='word_1_138' title='bbox 711 2320 875 2409; x_wconf 90' lang='lat' dir='ltr'>legantur,</span> <span class='ocrx_word' id='word_1_139' title='bbox 908 2320 1065 2408; x_wconf 90' lang='lat' dir='ltr'>ipsaeque</span> <span class='ocrx_word' id='word_1_140' title='bbox 1100 2344 1174 2383; x_wconf 90' lang='lat' dir='ltr'>cum</span> <span class='ocrx_word' id='word_1_141' title='bbox 1200 2320 1234 2383; x_wconf 94' lang='lat' dir='ltr'>in</span> 
     </span>
     <span class='ocr_line' id='line_1_21' title="bbox 113 2418 1232 2508; baseline -0.004 -24"><span class='ocrx_word' id='word_1_142' title='bbox 113 2418 357 2508; x_wconf 88' lang='lat' dir='ltr'>philosophicis</span> <span class='ocrx_word' id='word_1_143' title='bbox 373 2431 443 2482; x_wconf 89' lang='lat' dir='ltr'>turn</span> <span class='ocrx_word' id='word_1_144' title='bbox 464 2418 498 2481; x_wconf 88' lang='lat' dir='ltr'>iu</span> <span class='ocrx_word' id='word_1_145' title='bbox 518 2419 620 2483; x_wconf 90' lang='lat' dir='ltr'>sacris</span> <span class='ocrx_word' id='word_1_146' title='bbox 641 2418 783 2506; x_wconf 92' lang='lat' dir='ltr'>eloquiis</span> <span class='ocrx_word' id='word_1_147' title='bbox 807 2418 984 2504; x_wconf 89' lang='lat' dir='ltr'>primariae</span> <span class='ocrx_word' id='word_1_148' title='bbox 1005 2418 1135 2482; x_wconf 90' lang='lat' dir='ltr'>litterae</span> <span class='ocrx_word' id='word_1_149' title='bbox 1160 2442 1232 2504; x_wconf 90' lang='lat' dir='ltr'>per-</span> 
     </span>
     <span class='ocr_line' id='line_1_22' title="bbox 110 2515 1233 2607; baseline -0.003 -25"><span class='ocrx_word' id='word_1_150' title='bbox 110 2519 190 2582; x_wconf 88' lang='lat' dir='ltr'>inde</span> <span class='ocrx_word' id='word_1_151' title='bbox 220 2530 319 2605; x_wconf 88' lang='lat' dir='ltr'>atque</span> <span class='ocrx_word' id='word_1_152' title='bbox 339 2517 548 2607; x_wconf 84' lang='lat' dir='ltr'>grammatici</span> <span class='ocrx_word' id='word_1_153' title='bbox 569 2517 626 2604; x_wconf 93' lang='lat' dir='ltr'>qui</span> <span class='ocrx_word' id='word_1_154' title='bbox 643 2515 819 2605; x_wconf 87' lang='lat' dir='ltr'>Virgilium</span> <span class='ocrx_word' id='word_1_155' title='bbox 836 2516 981 2594; x_wconf 88' lang='lat' dir='ltr'>diseunt,</span> <span class='ocrx_word' id='word_1_156' title='bbox 1006 2541 1175 2604; x_wconf 88' lang='lat' dir='ltr'>nunquam</span> <span class='ocrx_word' id='word_1_157' title='bbox 1199 2541 1233 2579; x_wconf 93' lang='lat' dir='ltr'>se</span> 
     </span>
     <span class='ocr_line' id='line_1_23' title="bbox 111 2614 1233 2704; baseline -0.005 -21"><span class='ocrx_word' id='word_1_158' title='bbox 111 2616 290 2704; x_wconf 86' lang='lat' dir='ltr'>Virgilium</span> <span class='ocrx_word' id='word_1_159' title='bbox 310 2615 441 2678; x_wconf 89' lang='lat' dir='ltr'>audisse</span> <span class='ocrx_word' id='word_1_160' title='bbox 471 2614 611 2692; x_wconf 89' lang='lat' dir='ltr'>discant,</span> <span class='ocrx_word' id='word_1_161' title='bbox 649 2615 706 2702; x_wconf 92' lang='lat' dir='ltr'>qui</span> <span class='ocrx_word' id='word_1_162' title='bbox 726 2614 855 2677; x_wconf 87' lang='lat' dir='ltr'>literam</span> <span class='ocrx_word' id='word_1_163' title='bbox 890 2615 1049 2702; x_wconf 91' lang='lat' dir='ltr'>ipsamet</span> <span class='ocrx_word' id='word_1_164' title='bbox 1079 2614 1233 2677; x_wconf 88' lang='lat' dir='ltr'>heroicos</span> 
     </span>
     <span class='ocr_line' id='line_1_24' title="bbox 113 2712 1232 2801; baseline -0.003 -24"><span class='ocrx_word' id='word_1_165' title='bbox 113 2714 204 2801; x_wconf 93' lang='lat' dir='ltr'>ipsos</span> <span class='ocrx_word' id='word_1_166' title='bbox 234 2725 269 2776; x_wconf 94' lang='lat' dir='ltr'>ut</span> <span class='ocrx_word' id='word_1_167' title='bbox 302 2713 421 2776; x_wconf 89' lang='lat' dir='ltr'>author</span> <span class='ocrx_word' id='word_1_168' title='bbox 449 2712 637 2800; x_wconf 89' lang='lat' dir='ltr'>composuit</span> <span class='ocrx_word' id='word_1_169' title='bbox 664 2736 831 2800; x_wconf 91' lang='lat' dir='ltr'>nunquam</span> <span class='ocrx_word' id='word_1_170' title='bbox 856 2712 1057 2776; x_wconf 89' lang='lat' dir='ltr'>didicerunt.</span> <span class='ocrx_word' id='word_1_171' title='bbox 1086 2713 1128 2775; x_wconf 87' lang='lat' dir='ltr'>Et</span> <span class='ocrx_word' id='word_1_172' title='bbox 1153 2724 1232 2775; x_wconf 92' lang='lat' dir='ltr'>tunc</span> 
     </span>
     <span class='ocr_line' id='line_1_25' title="bbox 112 2809 1233 2901; baseline -0.004 -24"><span class='ocrx_word' id='word_1_173' title='bbox 112 2813 202 2887; x_wconf 90' lang='lat' dir='ltr'>licet,</span> <span class='ocrx_word' id='word_1_174' title='bbox 221 2812 308 2875; x_wconf 91' lang='lat' dir='ltr'>inter</span> <span class='ocrx_word' id='word_1_175' title='bbox 323 2809 502 2901; x_wconf 89' lang='lat' dir='ltr'>legendum</span> <span class='ocrx_word' id='word_1_176' title='bbox 514 2811 670 2874; x_wconf 88' lang='lat' dir='ltr'>authores</span> <span class='ocrx_word' id='word_1_177' title='bbox 686 2810 789 2897; x_wconf 80' lang='lat' dir='ltr'>ipsoS,</span> <span class='ocrx_word' id='word_1_178' title='bbox 802 2810 874 2873; x_wconf 92' lang='lat' dir='ltr'>illas</span> <span class='ocrx_word' id='word_1_179' title='bbox 890 2811 1184 2897; x_wconf 89' lang='lat' dir='ltr'>interpretationes</span> <span class='ocrx_word' id='word_1_180' title='bbox 1201 2822 1233 2872; x_wconf 93' lang='lat' dir='ltr'>et</span> 
     </span>
     <span class='ocr_line' id='line_1_26' title="bbox 112 2908 1231 2996; baseline -0.003 -22"><span class='ocrx_word' id='word_1_181' title='bbox 112 2908 882 2995; x_wconf 86' lang='lat' dir='ltr'>commentariosaprofitentibuscommcndari,</span> <span class='ocrx_word' id='word_1_182' title='bbox 900 2909 956 2996; x_wconf 92' lang='lat' dir='ltr'>qui</span> <span class='ocrx_word' id='word_1_183' title='bbox 967 2909 1049 2972; x_wconf 92' lang='lat' dir='ltr'>scite</span> <span class='ocrx_word' id='word_1_184' title='bbox 1059 2908 1099 2971; x_wconf 93' lang='lat' dir='ltr'>ad</span> <span class='ocrx_word' id='word_1_185' title='bbox 1113 2908 1231 2972; x_wconf 91' lang='lat' dir='ltr'>autho-</span> 
     </span>
     <span class='ocr_line' id='line_1_27' title="bbox 112 3005 1231 3095; baseline -0.003 -23"><span class='ocrx_word' id='word_1_186' title='bbox 112 3033 185 3072; x_wconf 90' lang='lat' dir='ltr'>rum</span> <span class='ocrx_word' id='word_1_187' title='bbox 201 3006 457 3095; x_wconf 85' lang='lat' dir='ltr'>intelligentiam</span> <span class='ocrx_word' id='word_1_188' title='bbox 479 3005 603 3070; x_wconf 91' lang='lat' dir='ltr'>faciunt</span> <span class='ocrx_word' id='word_1_189' title='bbox 618 3020 650 3069; x_wconf 92' lang='lat' dir='ltr'>et</span> <span class='ocrx_word' id='word_1_190' title='bbox 670 3007 800 3070; x_wconf 88' lang='lat' dir='ltr'>literam</span> <span class='ocrx_word' id='word_1_191' title='bbox 821 3006 926 3094; x_wconf 90' lang='lat' dir='ltr'>ipsam</span> <span class='ocrx_word' id='word_1_192' title='bbox 942 3019 1111 3093; x_wconf 89' lang='lat' dir='ltr'>patentem</span> <span class='ocrx_word' id='word_1_193' title='bbox 1132 3019 1231 3094; x_wconf 88' lang='lat' dir='ltr'>atque</span> 
     </span>
     <span class='ocr_line' id='line_1_28' title="bbox 111 3104 1228 3194; baseline -0.002 -25"><span class='ocrx_word' id='word_1_194' title='bbox 111 3106 269 3194; x_wconf 90' lang='lat' dir='ltr'>perviam.</span> <span class='ocrx_word' id='word_1_195' title='bbox 294 3108 454 3170; x_wconf 86' lang='lat' dir='ltr'>Poterant</span> <span class='ocrx_word' id='word_1_196' title='bbox 469 3105 571 3194; x_wconf 88' lang='lat' dir='ltr'>igitur</span> <span class='ocrx_word' id='word_1_197' title='bbox 587 3104 643 3193; x_wconf 93' lang='lat' dir='ltr'>qui</span> <span class='ocrx_word' id='word_1_198' title='bbox 664 3105 806 3168; x_wconf 88' lang='lat' dir='ltr'>docendi</span> <span class='ocrx_word' id='word_1_199' title='bbox 828 3105 1013 3192; x_wconf 91' lang='lat' dir='ltr'>provincias</span> <span class='ocrx_word' id='word_1_200' title='bbox 1030 3104 1228 3192; x_wconf 90' lang='lat' dir='ltr'>suscipiunt,</span> 
     </span>
     <span class='ocr_line' id='line_1_29' title="bbox 111 3202 1230 3291; baseline -0.003 -23"><span class='ocrx_word' id='word_1_201' title='bbox 111 3229 187 3268; x_wconf 94' lang='lat' dir='ltr'>suos</span> <span class='ocrx_word' id='word_1_202' title='bbox 215 3203 383 3268; x_wconf 90' lang='lat' dir='ltr'>auditores</span> <span class='ocrx_word' id='word_1_203' title='bbox 408 3227 596 3291; x_wconf 88' lang='lat' dir='ltr'>ammonere</span> <span class='ocrx_word' id='word_1_204' title='bbox 623 3208 656 3266; x_wconf 83' lang='lat' dir='ltr'>in</span> <span class='ocrx_word' id='word_1_205' title='bbox 680 3207 905 3291; x_wconf 78' lang='lat' dir='ltr'>grammaticis</span> <span class='ocrx_word' id='word_1_206' title='bbox 930 3242 974 3251; x_wconf 91' lang='lat'>—</span> <span class='ocrx_word' id='word_1_207' title='bbox 999 3202 1108 3291; x_wconf 91' lang='lat' dir='ltr'>quoad</span> <span class='ocrx_word' id='word_1_208' title='bbox 1134 3227 1230 3291; x_wconf 91' lang='lat' dir='ltr'>prae·</span> 
     </span>
     <span class='ocr_line' id='line_1_30' title="bbox 110 3300 1228 3391; baseline -0.004 -24"><span class='ocrx_word' id='word_1_209' title='bbox 110 3315 217 3391; x_wconf 88' lang='lat' dir='ltr'>cepta,</span> <span class='ocrx_word' id='word_1_210' title='bbox 236 3302 397 3390; x_wconf 87' lang='lat' dir='ltr'>prodesse</span> <span class='ocrx_word' id='word_1_211' title='bbox 418 3313 451 3364; x_wconf 88' lang='lat' dir='ltr'>et</span> <span class='ocrx_word' id='word_1_212' title='bbox 472 3302 695 3390; x_wconf 87' lang='lat' dir='ltr'>Sypontinum</span> <span class='ocrx_word' id='word_1_213' title='bbox 716 3313 748 3364; x_wconf 90' lang='lat' dir='ltr'>et</span> <span class='ocrx_word' id='word_1_214' title='bbox 769 3301 964 3365; x_wconf 90' lang='lat' dir='ltr'>Diomedem</span> <span class='ocrx_word' id='word_1_215' title='bbox 985 3302 1052 3388; x_wconf 81' lang='lat' dir='ltr'>legi</span> <span class='ocrx_word' id='word_1_216' title='bbox 1073 3314 1105 3364; x_wconf 92' lang='lat' dir='ltr'>et</span> <span class='ocrx_word' id='word_1_217' title='bbox 1125 3300 1228 3365; x_wconf 90' lang='lat' dir='ltr'>tales:</span> 
     </span>
     <span class='ocr_line' id='line_1_31' title="bbox 110 3399 603 3489; baseline -0.008 -24"><span class='ocrx_word' id='word_1_218' title='bbox 110 3425 217 3489; x_wconf 90' lang='lat' dir='ltr'>neque</span> <span class='ocrx_word' id='word_1_219' title='bbox 236 3399 333 3463; x_wconf 90' lang='lat' dir='ltr'>nimis</span> <span class='ocrx_word' id='word_1_220' title='bbox 350 3399 603 3463; x_wconf 89' lang='lat' dir='ltr'>immorandum.</span> 
     </span>
    </p>

    <p class='ocr_par' dir='ltr' id='par_1_5' title="bbox 111 3498 1232 3760">
     <span class='ocr_line' id='line_1_32' title="bbox 153 3498 1232 3588; baseline -0.003 -25"><span class='ocrx_word' id='word_1_221' title='bbox 153 3536 198 3549; x_wconf 93' lang='lat'><em>-</em></span> <span class='ocrx_word' id='word_1_222' title='bbox 217 3499 267 3563; x_wconf 84' lang='lat' dir='ltr'>Ad</span> <span class='ocrx_word' id='word_1_223' title='bbox 294 3522 439 3575; x_wconf 89' lang='lat' dir='ltr'>carmen,</span> <span class='ocrx_word' id='word_1_224' title='bbox 464 3498 640 3588; x_wconf 88' lang='lat' dir='ltr'>Virgilium</span> <span class='ocrx_word' id='word_1_225' title='bbox 670 3512 702 3563; x_wconf 91' lang='lat' dir='ltr'>et</span> <span class='ocrx_word' id='word_1_226' title='bbox 732 3502 946 3563; x_wconf 85' lang='lat' dir='ltr'>blantuanum</span> <span class='ocrx_word' id='word_1_227' title='bbox 976 3499 1128 3576; x_wconf 92' lang='lat' dir='ltr'>alterum,</span> <span class='ocrx_word' id='word_1_228' title='bbox 1165 3523 1232 3561; x_wconf 93' lang='lat' dir='ltr'>cas-</span> 
     </span>
     <span class='ocr_line' id='line_1_33' title="bbox 111 3596 1231 3685; baseline -0.002 -23"><span class='ocrx_word' id='word_1_229' title='bbox 111 3611 247 3685; x_wconf 91' lang='lat' dir='ltr'>tumque</span> <span class='ocrx_word' id='word_1_230' title='bbox 263 3609 296 3660; x_wconf 90' lang='lat' dir='ltr'>et</span> <span class='ocrx_word' id='word_1_231' title='bbox 309 3596 470 3660; x_wconf 88' lang='lat' dir='ltr'>coelibem</span> <span class='ocrx_word' id='word_1_232' title='bbox 487 3597 718 3676; x_wconf 90' lang='lat' dir='ltr'>Prudentium,</span> <span class='ocrx_word' id='word_1_233' title='bbox 733 3610 765 3660; x_wconf 92' lang='lat' dir='ltr'>et</span> <span class='ocrx_word' id='word_1_234' title='bbox 780 3598 807 3660; x_wconf 95' lang='lat' dir='ltr'>si</span> <span class='ocrx_word' id='word_1_235' title='bbox 821 3597 877 3684; x_wconf 92' lang='lat' dir='ltr'>qui</span> <span class='ocrx_word' id='word_1_236' title='bbox 891 3597 1035 3676; x_wconf 88' lang='lat' dir='ltr'>similes;</span> <span class='ocrx_word' id='word_1_237' title='bbox 1054 3597 1231 3661; x_wconf 91' lang='lat' dir='ltr'>multitudo</span> 
     </span>
     <span class='ocr_line' id='line_1_34' title="bbox 113 3694 425 3760; baseline -0.006 0"><span class='ocrx_word' id='word_1_238' title='bbox 113 3709 223 3760; x_wconf 89' lang='lat' dir='ltr'>tamen</span> <span class='ocrx_word' id='word_1_239' title='bbox 240 3694 425 3758; x_wconf 89' lang='lat' dir='ltr'>confundit.</span> 
     </span>
    </p>

    <p class='ocr_par' dir='ltr' id='par_1_6' title="bbox 113 3793 1229 3980">
     <span class='ocr_line' id='line_1_35' title="bbox 155 3793 1229 3886; baseline -0.001 -30"><span class='ocrx_word' id='word_1_240' title='bbox 155 3832 199 3842; x_wconf 91' lang='grc'>-</span> <span class='ocrx_word' id='word_1_241' title='bbox 215 3795 252 3856; x_wconf 93' lang='lat' dir='ltr'>ln</span> <span class='ocrx_word' id='word_1_242' title='bbox 268 3793 417 3857; x_wconf 89' lang='lat' dir='ltr'>oratione</span> <span class='ocrx_word' id='word_1_243' title='bbox 438 3793 588 3857; x_wconf 87' lang='lat' dir='ltr'>liberiori</span> <span class='ocrx_word' id='word_1_244' title='bbox 608 3806 641 3857; x_wconf 91' lang='lat' dir='ltr'>et</span> <span class='ocrx_word' id='word_1_245' title='bbox 661 3818 745 3882; x_wconf 90' lang='lat' dir='ltr'>quae</span> <span class='ocrx_word' id='word_1_246' title='bbox 765 3793 839 3883; x_wconf 85' lang='lat' dir='ltr'>lege</span> <span class='ocrx_word' id='word_1_247' title='bbox 856 3793 1012 3857; x_wconf 89' lang='lat' dir='ltr'>carminis</span> <span class='ocrx_word' id='word_1_248' title='bbox 1028 3793 1136 3857; x_wconf 92' lang='lat' dir='ltr'>soluta</span> <span class='ocrx_word' id='word_1_249' title='bbox 1158 3804 1208 3856; x_wconf 91' lang='lat' dir='ltr'>est</span> <span class='ocrx_word' id='word_1_250' title='bbox 1218 3818 1229 3886; x_wconf 46' lang='grc' dir='ltr'>,ι</span> 
     </span>
     <span class='ocr_line' id='line_1_36' title="bbox 113 3891 1146 3980; baseline -0.002 -24"><span class='ocrx_word' id='word_1_251' title='bbox 113 3891 269 3980; x_wconf 92' lang='lat' dir='ltr'>epistolas</span> <span class='ocrx_word' id='word_1_252' title='bbox 285 3891 469 3968; x_wconf 87' lang='lat' dir='ltr'>Ciceronis,</span> <span class='ocrx_word' id='word_1_253' title='bbox 493 3892 592 3956; x_wconf 91' lang='lat' dir='ltr'>Plinii</span> <span class='ocrx_word' id='word_1_254' title='bbox 614 3891 763 3968; x_wconf 91' lang='lat' dir='ltr'>secundi,</span> <span class='ocrx_word' id='word_1_255' title='bbox 781 3891 950 3955; x_wconf 88' lang='lat' dir='ltr'>Francisci</span> <span class='ocrx_word' id='word_1_256' title='bbox 967 3891 1146 3978; x_wconf 90' lang='lat' dir='ltr'>Philelphi.</span> 
     </span>
    </p>

    <p class='ocr_par' dir='ltr' id='par_1_7' title="bbox 113 3989 1232 4276">
     <span class='ocr_line' id='line_1_37' title="bbox 155 3989 1232 4077; baseline -0.003 -23"><span class='ocrx_word' id='word_1_257' title='bbox 155 3993 194 4054; x_wconf 86' lang='lat' dir='ltr'>In</span> <span class='ocrx_word' id='word_1_258' title='bbox 209 3989 405 4052; x_wconf 75' lang='lat' dir='ltr'>rhetoricis:</span> <span class='ocrx_word' id='word_1_259' title='bbox 426 4002 603 4077; x_wconf 90' lang='lat' dir='ltr'>praecepta</span> <span class='ocrx_word' id='word_1_260' title='bbox 627 3990 817 4054; x_wconf 90' lang='lat' dir='ltr'>Ciceronis:</span> <span class='ocrx_word' id='word_1_261' title='bbox 846 3989 874 4052; x_wconf 92' lang='lat' dir='ltr'>si</span> <span class='ocrx_word' id='word_1_262' title='bbox 894 3990 1107 4053; x_wconf 89' lang='lat' dir='ltr'>delectabunt</span> <span class='ocrx_word' id='word_1_263' title='bbox 1126 3989 1232 4052; x_wconf 92' lang='lat' dir='ltr'>histo-</span> 
     </span>
     <span class='ocr_line' id='line_1_38' title="bbox 113 4087 1231 4178; baseline -0.002 -26"><span class='ocrx_word' id='word_1_264' title='bbox 113 4089 190 4164; x_wconf 88' lang='lat' dir='ltr'>riae,</span> <span class='ocrx_word' id='word_1_265' title='bbox 209 4100 285 4175; x_wconf 94' lang='lat' dir='ltr'>post</span> <span class='ocrx_word' id='word_1_266' title='bbox 301 4108 440 4162; x_wconf 81' lang='lat' dir='ltr'>sacram,</span> <span class='ocrx_word' id='word_1_267' title='bbox 464 4088 622 4151; x_wconf 91' lang='lat' dir='ltr'>castiores</span> <span class='ocrx_word' id='word_1_268' title='bbox 643 4101 720 4151; x_wconf 88' lang='lat' dir='ltr'>sunt</span> <span class='ocrx_word' id='word_1_269' title='bbox 740 4088 876 4175; x_wconf 87' lang='lat' dir='ltr'>losephi</span> <span class='ocrx_word' id='word_1_270' title='bbox 897 4099 929 4150; x_wconf 89' lang='lat' dir='ltr'>et</span> <span class='ocrx_word' id='word_1_271' title='bbox 954 4088 1135 4178; x_wconf 82' lang='lat' dir='ltr'>Egesyppi,</span> <span class='ocrx_word' id='word_1_272' title='bbox 1153 4087 1231 4150; x_wconf 89' lang='lat' dir='ltr'>reli-</span> 
     </span>
     <span class='ocr_line' id='line_1_39' title="bbox 115 4185 789 4276; baseline -0.001 -26"><span class='ocrx_word' id='word_1_273' title='bbox 115 4186 275 4275; x_wconf 83' lang='lat' dir='ltr'>giosiores</span> <span class='ocrx_word' id='word_1_274' title='bbox 293 4185 477 4249; x_wconf 90' lang='lat' dir='ltr'>lleraclidis</span> <span class='ocrx_word' id='word_1_275' title='bbox 494 4198 527 4249; x_wconf 96' lang='lat' dir='ltr'>et</span> <span class='ocrx_word' id='word_1_276' title='bbox 543 4186 789 4276; x_wconf 82' lang='lat' dir='ltr'>hgiographae.</span> 
     </span>
    </p>

    <p class='ocr_par' dir='ltr' id='par_1_8' title="bbox 118 4283 1234 4569">
     <span class='ocr_line' id='line_1_40' title="bbox 155 4283 1233 4374; baseline -0.001 -27"><span class='ocrx_word' id='word_1_277' title='bbox 155 4287 194 4347; x_wconf 88' lang='lat' dir='ltr'>In</span> <span class='ocrx_word' id='word_1_278' title='bbox 208 4283 413 4347; x_wconf 79' lang='lat' dir='ltr'>dialecticis:</span> <span class='ocrx_word' id='word_1_279' title='bbox 438 4283 581 4374; x_wconf 85' lang='lat' dir='ltr'>logicam</span> <span class='ocrx_word' id='word_1_280' title='bbox 608 4284 797 4347; x_wconf 78' lang='lat' dir='ltr'>Aristotelis</span> <span class='ocrx_word' id='word_1_281' title='bbox 821 4284 861 4347; x_wconf 93' lang='lat' dir='ltr'>ad</span> <span class='ocrx_word' id='word_1_282' title='bbox 887 4284 1046 4361; x_wconf 89' lang='lat' dir='ltr'>litteram,</span> <span class='ocrx_word' id='word_1_283' title='bbox 1069 4308 1136 4346; x_wconf 93' lang='lat' dir='ltr'>non</span> <span class='ocrx_word' id='word_1_284' title='bbox 1157 4308 1233 4370; x_wconf 94' lang='lat' dir='ltr'>pre-</span> 
     </span>
     <span class='ocr_line' id='line_1_41' title="bbox 118 4381 1234 4469; baseline -0.001 -24"><span class='ocrx_word' id='word_1_285' title='bbox 118 4382 249 4459; x_wconf 89' lang='lat' dir='ltr'>cariam,</span> <span class='ocrx_word' id='word_1_286' title='bbox 267 4382 414 4469; x_wconf 90' lang='lat' dir='ltr'>quaesita</span> <span class='ocrx_word' id='word_1_287' title='bbox 432 4406 449 4445; x_wconf 92' lang='lat' dir='ltr'>a</span> <span class='ocrx_word' id='word_1_288' title='bbox 466 4381 581 4445; x_wconf 90' lang='lat' dir='ltr'>Boetio</span> <span class='ocrx_word' id='word_1_289' title='bbox 598 4394 630 4445; x_wconf 92' lang='lat' dir='ltr'>ct</span> <span class='ocrx_word' id='word_1_290' title='bbox 645 4382 718 4445; x_wconf 89' lang='lat' dir='ltr'>aliis</span> <span class='ocrx_word' id='word_1_291' title='bbox 739 4382 813 4445; x_wconf 88' lang='lat' dir='ltr'>fidis</span> <span class='ocrx_word' id='word_1_292' title='bbox 836 4382 1077 4469; x_wconf 89' lang='lat' dir='ltr'>interpretibus</span> <span class='ocrx_word' id='word_1_293' title='bbox 1109 4381 1234 4445; x_wconf 91' lang='lat' dir='ltr'>intelli·</span> 
     </span>
     <span class='ocr_line' id='line_1_42' title="bbox 124 4492 245 4569; baseline 0.008 -26"><span class='ocrx_word' id='word_1_294' title='bbox 124 4492 245 4569; x_wconf 82' lang='lat' dir='ltr'>gentia.</span> 
     </span>
    </p>

    <p class='ocr_par' dir='ltr' id='par_1_9' title="bbox 164 4577 889 4642">
     <span class='ocr_line' id='line_1_43' title="bbox 164 4577 889 4642; baseline -0.003 0"><span class='ocrx_word' id='word_1_295' title='bbox 164 4581 202 4642; x_wconf 84' lang='lat' dir='ltr'>In</span> <span class='ocrx_word' id='word_1_296' title='bbox 220 4577 463 4642; x_wconf 80' lang='lat' dir='ltr'>Aritfunetr&#39;eo:</span> <span class='ocrx_word' id='word_1_297' title='bbox 489 4578 749 4642; x_wconf 91' lang='lat' dir='ltr'>Nichomachum</span> <span class='ocrx_word' id='word_1_298' title='bbox 771 4577 889 4641; x_wconf 88' lang='lat' dir='ltr'>Boetii.</span> 
     </span>
    </p>
   </div>
   <div class='ocr_carea' id='block_1_3' title="bbox 0 0 1542 5422">
    <p class='ocr_par' dir='ltr' id='par_1_10' title="bbox 0 0 1542 5422">
     <span class='ocr_line' id='line_1_44' title="bbox 0 0 1542 5422; baseline 0 1"><span class='ocrx_word' id='word_1_299' title='bbox 0 0 1542 5422; x_wconf 95' lang='lat' dir='ltr'> </span> 
     </span>
    </p>
   </div>
  </div>
 </body>
</html>
