3074 5422
686 415 844 477 ,92-

205 549 357 614 matistae
377 548 515 625 addicti,
537 549 703 614 volumina
725 552 796 637 ejus
816 549 1035 613 traduxerunt
1055 549 1114 635 (uti
1142 549 1268 635 accepi)
1290 573 1330 613 ex

204 649 319 712 Latino
341 671 491 711 sermone
512 647 545 710 in
566 647 722 736 gallicum
744 661 776 712 et
800 647 1027 725 teutonicum3
1056 647 1146 734 quod
1174 646 1268 710 lalcis
1296 659 1330 711 et

204 746 317 811 idiotis
331 745 454 809 nullam
469 746 669 810 habentibus
690 746 772 810 recti
783 745 907 833 judicis
917 744 1204 809 discretionemad
1216 769 1329 810 secer-

203 843 349 908 nendum
369 844 479 906 album
501 845 541 906 ab
561 856 633 908 atro
659 856 713 908 aut
740 844 847 908 lucem
872 868 888 906 a
913 843 1075 922 tenebris,
1103 843 1202 906 etiam
1226 856 1327 907 mate-

204 942 285 1006 riam
312 942 472 1028 objioiant
501 943 629 1028 seipsos
657 942 832 1028 perdendi,
861 955 893 1005 et
921 965 1031 1005 eoram
1061 941 1167 1005 caecis
1201 954 1329 1028 ponant

204 1039 452 1103 offendiculum.
476 1040 518 1103 At
533 1064 632 1127 quum
649 1039 710 1102 soli
727 1040 836 1126 perire
857 1039 974 1103 nolunt
1006 1063 1044 1102 eo
1061 1038 1151 1126 quod
1171 1039 1205 1102 in
1231 1039 1329 1104 libris

204 1137 270 1202 illis
286 1139 348 1201 sub
382 1137 478 1200 melle
505 1137 585 1201 latet
604 1161 780 1214 venenum,
799 1137 857 1201 sed
879 1137 1000 1201 multos
1025 1149 1189 1224 quaerunt
1218 1137 1329 1224 perdi·

202 1235 303 1299 tionis
320 1234 471 1321 ejusdem
491 1248 665 1299 consortes
681 1248 714 1299 et
726 1235 847 1310 socios,
870 1234 964 1326 digni
987 1233 1139 1322 profecto
1162 1235 1330 1299 habentur

204 1334 238 1397 hi
271 1332 479 1397 traductores
517 1346 551 1397 ut
585 1345 618 1397 et
648 1333 738 1422 gravi
771 1330 956 1397 alliciantur
991 1333 1156 1421 supplicio
1179 1332 1330 1397 obsuam

203 1431 428 1495 temeritatem
449 1445 482 1495 et
503 1432 563 1495 has
579 1455 654 1495 suas
675 1431 943 1495 elucubrationes
955 1431 1207 1518 elaboratasque
1222 1443 1330 1495 trans·

203 1529 344 1593 lationes
361 1529 508 1594 Vulcano
532 1530 695 1593 committi
714 1529 849 1593 videant
876 1541 974 1616 atque
995 1529 1029 1593 in
1046 1528 1189 1594 favillam
1205 1528 1328 1620 redigi,

206 1652 246 1691 ne
261 1627 392 1691 illarum
408 1627 556 1690 lectione
571 1628 694 1691 caeteri
712 1627 914 1692 inficiantur.
939 1652 956 1687 a

252 1726 307 1790 Sic
341 1725 571 1813 alloquebatur
606 1726 817 1789 Cliehtoveus
843 1727 1070 1789 Tornacenses
1098 1726 1327 1812 presbyteros,

206 1847 292 1886 anno
308 1825 409 1887 1519:
424 1825 646 1887 Carnotenses
657 1825 735 1887 item
748 1847 834 1886 anno
847 1825 932 1887 1526
945 1847 1139 1910 praecavere
1153 1824 1326 1886 monebat:

207 1947 223 1982 «
247 1921 344 2004 Quod
365 1921 392 1984 si
411 1944 472 2008 pro
490 1921 551 1984 Dei
571 1923 672 1985 verbo
692 1921 879 2009 (parochus)
895 1933 1059 2008 proponat
1078 1920 1107 1983 ei
1129 1944 1228 2008 prava
1249 1921 1330 2011 dog-

207 2032 291 2082 mata
304 2019 508 2083 liutheranas
521 2019 667 2083 insanias
683 2019 805 2082 olentia
817 2032 849 2082 et
866 2042 995 2082 errores
1009 2030 1120 2081 nostra
1132 2030 1331 2106 tempestate

207 2116 450 2204 pullulantes...
470 2129 525 2182 aut
546 2117 572 2180 si
590 2118 622 2180 in
644 2118 780 2181 secretis
801 2141 877 2180 suae
898 2117 1074 2204 parochiae
1090 2116 1331 2180 conventiculis

205 2214 394 2301 hujusmodi
416 2214 585 2278 doctrinas
612 2215 855 2279 haereticorum
871 2214 1122 2278 disseminari...
1145 2214 1330 2301 permittat,

206 2313 234 2376 is
248 2317 360 2376 revera
379 2336 517 2403 gregem
539 2313 675 2376 Domini
693 2313 877 2377 miserrime
892 2313 1066 2403 dispergit.
1091 2338 1108 2373 )>
1130 2314 1167 2374 ln
1184 2311 1332 2376 secundo

207 2434 358 2474 sermone
381 2410 422 2473 ad
442 2409 577 2473 eosdem
604 2412 781 2475 Lutherum
804 2411 1007 2498 Lutherique
1029 2410 1215 2473 doctrinam
1235 2411 1332 2473 vehe-

209 2520 337 2572 menter
352 2508 571 2598 depingebat:
591 2536 607 2570 «
625 2509 671 2572 sic
688 2533 765 2572 sane
782 2510 816 2573 in
831 2508 998 2595 triplicem
1012 2507 1127 2571 mundi
1143 2507 1331 2571 machinam

208 2606 414 2684 coelestium,
433 2607 641 2670 terrestrium
658 2619 689 2670 et
703 2607 920 2684 infernorum,
939 2607 1010 2694 ipse
1027 2607 1191 2670 Lutherus
1208 2605 1330 2669 intole-

208 2704 305 2768 rabili
330 2704 508 2768 insolentia
530 2704 615 2769 hella
642 2704 729 2795 gerit
753 2729 843 2768 more
867 2705 1054 2795 gigantum,
1075 2704 1329 2791 cervicosaeque

208 2802 327 2866 frontis
350 2803 448 2891 erigit
471 2826 606 2867 cornua.
630 2803 690 2866 llic
715 2803 813 2890 plane
834 2816 883 2866 est
903 2826 982 2889 aper
1002 2803 1058 2866 ille
1081 2801 1121 2865 de
1147 2802 1248 2888 sylva,
1272 2801 1330 2889 qui

207 2900 427 2964 exterminare
443 2900 572 2964 laborat
585 2900 715 2964 vineam
738 2901 897 2965 eeclesiae
915 2914 947 2964 et
963 2899 1143 2990 singularis
1159 2899 1249 2962 lerus
1271 2898 1329 2963 de·

208 3022 347 3086 pascens
368 3022 450 3062 eam.
474 2999 535 3062 Hic
551 2999 649 3062 etiam
670 3011 722 3062 est
742 2999 857 3086 vulpes
877 2998 934 3062 illa
954 2997 1094 3062 subdola
1115 3022 1197 3085 quae
1214 2996 1329 3061 demo-

208 3097 261 3161 liri
275 3120 341 3159 non
353 3109 459 3160 cessat
471 3098 600 3160 vineam
619 3097 755 3161 Domini
772 3098 930 3161 Sabaoth.
950 3095 1125 3179 Quocirca,
1144 3120 1163 3158 o
1180 3106 1329 3182 pastores

209 3194 355 3271 Domini,
377 3194 526 3285 vigilate,
545 3219 586 3258 ne
607 3195 702 3282 lupus
724 3195 779 3258 ille
794 3218 894 3258 vorax
913 3193 1100 3258 clanculum
1121 3194 1238 3257 subeat
1260 3217 1330 3283 gre·

209 3317 285 3384 gem
305 3305 465 3356 vestrum.
494 3292 612 3358 Videte
633 3317 674 3356 ne
699 3292 863 3381 quispiam
885 3293 980 3356 vobis
1005 3291 1151 3355 creditus
1177 3291 1271 3354 bibat
1292 3290 1330 3354 de

210 3391 312 3454 calice
329 3414 427 3454 aureo
448 3391 628 3479 Babylonis
648 3391 745 3454 melle
767 3390 952 3454 circumlito
974 3389 1033 3453 sed
1048 3390 1148 3477 pleno
1169 3388 1268 3466 fellis,
1291 3412 1331 3451 ne

211 3489 284 3576 quis
310 3488 399 3552 illius
425 3488 551 3552 evolvat
573 3488 688 3566 libros,
712 3488 879 3552 lenocinio
902 3488 1036 3575 quidem
1060 3488 1237 3551 verborum
1260 3510 1331 3550 res-

211 3582 326 3674 persos
349 3585 407 3650 sed
427 3585 627 3649 instillantes
648 3587 780 3650 exitiale
805 3610 954 3649 errorum
980 3586 1068 3649 virus
1091 3585 1125 3648 in
1147 3584 1330 3672 penetralia

212 3684 374 3748 cordium.
394 3685 512 3748 Cavete
533 3683 670 3771 insuper
691 3709 732 3748 ne
752 3685 826 3772 quis
848 3683 1030 3748 admiretur
1047 3695 1079 3747 et
1095 3682 1256 3770 suspiciat
1276 3695 1331 3746 aut

212 3781 417 3869 amplexetur
437 3782 507 3867 ejus
529 3780 713 3845 doctrinam
729 3794 885 3870 tanquam
908 3805 1018 3845 sanam
1035 3794 1068 3844 et
1087 3793 1224 3858 rectam,
1247 3804 1330 3868 quo-

212 3879 298 3942 niam
309 3903 465 3967 perversa
476 3893 537 3957 est,
556 3880 652 3942 noxia
664 3893 696 3943 ct
712 3880 920 3955 execrabilis,
939 3903 1054 3942 omnes
1070 3879 1173 3942 ferme
1189 3877 1332 3942 anteacti

210 3977 372 4064 temporis
392 3977 558 4054 haereses,
583 3990 617 4040 ut
637 3978 812 4055 loviniani,
835 3977 1017 4065 Vigilantii,
1045 3975 1216 4053 Valdonis,
1239 3975 1332 4044 Wie-

212 4074 278 4152 lefi‚
298 4075 505 4139 Hussitarum
522 4087 554 4138 et
569 4088 773 4140 caeterorum
791 4075 939 4162 ejusdem
960 4074 1095 4151 farinae,
1113 4073 1333 4137 ressuscitans

214 4197 250 4236 ac
267 4173 439 4260 proferens
455 4173 488 4235 in
506 4197 613 4251 auraS,
636 4186 672 4237 ut
686 4187 792 4237 totum
813 4175 1010 4237 exterminet
1025 4173 1140 4235 orbem
1163 4198 1179 4232 a
1192 4171 1213 4236 ¹.

256 4275 405 4353 Quantae
444 4270 566 4333 luerint
606 4270 769 4335 efficaciae
803 4284 868 4334 tam
904 4270 1047 4334 fervidae
1083 4269 1333 4358 objurgationes

211 4382 341 4432 constat
354 4394 371 4432 e
384 4369 515 4432 statutis
528 4394 610 4457 quae
627 4370 660 4432 in
676 4370 737 4432 hac
758 4368 885 4458 synodo
903 4369 993 4433 luere
1010 4368 1232 4457 promulgata,
1247 4380 1279 4431 et
1295 4391 1333 4430 ex

250 4587 274 4635 l.
299 4586 453 4652 Sermones,
472 4602 496 4652 p.
513 4586 564 4637 664
576 4590 602 4635 et
616 4602 671 4653 sqq.
