3074 5422
679 435 837 498 ..70-

203 571 304 636 multa
329 583 362 634 et
386 571 469 634 scitu
496 571 703 661 dignissima,
727 572 798 635 sine
823 571 1050 646 altercatione,
1074 573 1145 635 sine
1171 573 1254 651 rixa,
1282 573 1322 638 de

203 670 324 758 quibus
341 693 581 756 saepenumero
598 669 631 731 in
648 669 792 733 comitiis
808 669 1015 733 eruditorum
1032 670 1209 757 superbius
1227 695 1325 759 quam

204 767 320 832 utilius
336 767 526 854 disputatur
537 765 558 829 ¹.
583 792 599 826 u

250 866 443 930 lnchoatum
468 864 676 952 theologicae
702 865 926 928 renovationis
953 888 1035 952 opus
1061 866 1328 953 prosequebatur

205 964 430 1040 Clichtovens,
453 963 543 1039 dum,
567 975 701 1050 petente
728 964 943 1039 Briconneto,
969 962 1186 1026 Alexandrini
1208 964 1327 1052 Cyritti

211 1062 411 1126 Thermarum
437 1085 476 1123 ex
500 1060 655 1123 Patribus
689 1072 722 1123 et
758 1061 943 1147 Scriptura,
972 1061 1029 1124 scd
1059 1061 1232 1124 scolastica
1259 1087 1327 1126 rne-

207 1159 322 1236 thodo,
346 1158 544 1234 confectum,
563 1158 596 1221 in
618 1158 723 1221 lucem
745 1159 876 1222 edebat.
899 1160 995 1221 Hune
1014 1160 1144 1222 Patrem
1168 1171 1203 1222 ut
1219 1161 1330 1224 Theo·

208 1258 358 1345 logorum
398 1255 564 1343 exemplar
594 1256 751 1320 audacter
789 1257 822 1319 in
858 1255 1066 1320 Praefatione
1098 1258 1326 1345 proponebat:

209 1383 224 1417 a
248 1357 284 1418 ln
307 1355 369 1418 hoc
395 1355 532 1417 authore
553 1367 642 1417 tanta
665 1368 727 1430 est,
751 1354 870 1431 aiebat,
897 1353 1084 1417 disserendi
1109 1354 1277 1419 subtilitas
1297 1369 1331 1420 et

208 1452 400 1529 acrimonia,
414 1464 541 1515 tantum
554 1452 718 1515 rationum
730 1475 868 1515 acumen
885 1464 917 1514 et
933 1452 1045 1529 robur,
1063 1465 1129 1515 tam
1144 1454 1330 1518 exuberans

208 1551 378 1614 doctrinae
395 1549 501 1636 copia,
525 1549 670 1636 denique
687 1563 776 1613 tanta
794 1549 1013 1613 convincendi
1029 1550 1236 1614 adversarios
1254 1551 1331 1616 fidei

209 1648 344 1738 energia
366 1659 398 1711 et
422 1645 578 1721 efficacia,
603 1661 637 1711 ut
660 1648 732 1734 ipse
753 1647 938 1735 exemplum
964 1648 1090 1734 optime
1110 1651 1184 1735 jure
1206 1674 1333 1737 propo-

210 1760 318 1824 natur,
340 1745 495 1809 omnibus
510 1745 567 1833 qui
583 1746 623 1810 de
640 1746 739 1809 rebus
753 1746 855 1809 sacris
873 1745 1062 1832 divinisque
1080 1747 1247 1833 mysteriis
1268 1748 1333 1811 dis·

210 1869 321 1908 serere
341 1844 500 1908 deheant:
525 1843 613 1931 quod
638 1843 804 1907 intuentes
827 1843 986 1906 attentius
1007 1843 1234 1923 considerent,
1253 1870 1335 1933 que·

211 1942 308 2005 modo
329 1966 368 2006 ex
390 1942 573 2029 Scripturis
594 1953 626 2004 et
647 1942 769 2005 sanctis
786 1941 927 2029 eloquiis
944 1966 1001 2004 sua
1022 1941 1249 2028 depromenda
1266 1944 1335 2007 sint

211 2054 243 2105 et
258 2039 463 2103 contexenda
479 2039 664 2116 ratiocinia,
684 2052 739 2102 aut
753 2064 794 2102 ex
808 2064 892 2126 puro
904 2038 1099 2103 inferiorum
1117 2041 1334 2105 scientiarum

211 2138 323 2215 fonte;
347 2162 454 2224 neque
477 2137 566 2200 inre
591 2150 657 2201 tam
683 2137 783 2200 ardua
805 2136 909 2200 futilia
934 2137 1089 2226 agitanda
1114 2139 1333 2225 sophismata,

211 2235 383 2323 captiones
397 2235 512 2298 inanes
527 2247 581 2298 aut
594 2235 776 2322 argutiolae
788 2234 1042 2321 proponendae3
1060 2259 1144 2323 quae
1158 2260 1231 2300 cum
1250 2237 1337 2300 nihil

212 2333 300 2397 alind
313 2357 409 2420 quam
421 2357 535 2395 vanam
547 2333 679 2419 pariant
690 2332 1002 2420 multiloquentiam,
1017 2334 1058 2395 ab
1069 2334 1223 2397 omnibus
1236 2335 1336 2422 plane

212 2444 244 2494 et
258 2430 466 2518 potissimum
487 2430 589 2494 saeris
606 2429 791 2517 disciplinis
808 2431 926 2493 merito
947 2430 1093 2518 explodi,
1116 2431 1284 2495 eliminari
1302 2446 1335 2496 et

213 2528 383 2592 exsibilari
403 2528 538 2592 debent.
563 2554 579 2588 n

256 2628 323 2691 Nee
364 2639 492 2689 tantum
531 2626 710 2713 'l'heologis
748 2626 950 2690 Doctoribus
983 2626 1129 2690 veriores
1159 2627 1334 2714 aperiebat

214 2725 321 2788 fontes
360 2723 584 2801 Clichtovens,
624 2723 681 2786 sed
714 2724 812 2787 simul
847 2725 1040 2788 methodum
1074 2749 1191 2788 nevam
1226 2726 1337 2813 expli-

214 2822 323 2899 candi,
350 2821 589 2909 evolvendique
615 2846 705 2885 sacra
734 2822 901 2911 dogmata,
931 2822 1071 2898 seilicet,
1094 2823 1338 2913 elegantiorem

215 2919 521 3007 humanioremque,
543 2931 612 2982 tum
633 2920 755 2996 verbis,
779 2931 849 2983 tum
871 2921 1043 3008 exemplis,
1066 2920 1335 2987 commendabat.

214 3020 282 3083 Nec
302 3030 423 3091 tamen,
448 3016 536 3104 qued
557 3016 670 3104 plures
686 3030 801 3104 postea
818 3019 949 3081 incaute
966 3018 1127 3096 fecerunt,
1142 3019 1339 3084 methodum

215 3117 280 3179 huo
310 3139 414 3202 usqne
440 3115 473 3177 in
494 3115 593 3178 scolis
619 3128 808 3202 usurpatam
835 3117 969 3202 penitus
993 3116 1127 3180 abolere
1153 3117 1282 3180 statuit.
1314 3121 1337 3181 E

215 3225 329 3276 etmtra
359 3213 463 3300 ipsius
495 3211 691 3300 principalia
724 3226 756 3276 et
786 3213 920 3300 quidem
958 3214 1168 3278 rationabilia
1197 3216 1339 3279 servavit

216 3310 392 3386 elementa,
406 3310 546 3385 seilicet,
565 3322 695 3373 exactas
707 3309 930 3389 definitiones,
945 3313 1071 3377 lucidas
1088 3311 1337 3401 completusque

216 3409 408 3486 divisiones,
431 3407 553 3471 solidas
570 3407 883 3487 demonstrationes,
902 3411 1197 3498 objectionumque
1214 3410 1338 3474 validas

217 3505 445 3581 refutationes,
474 3506 505 3569 in
536 3505 604 3569 suis
627 3505 931 3582 dissertationibus,
960 3507 1130 3585 videlieet,
1158 3507 1199 3571 de
1223 3511 1262 3572 B.
1290 3511 1336 3572 M..

216 3604 366 3692 Virgine,
394 3603 434 3666 de
459 3608 648 3666 necessitate
672 3618 702 3666 et
721 3605 881 3690 felicitate
903 3611 1033 3692 peccati
1056 3606 1163 3683 Adae,
1195 3605 1236 3668 de
1266 3607 1339 3670 Tri-

217 3701 295 3790 plici
316 3700 524 3790 hlagdalena,
552 3713 630 3775 cte,
658 3713 848 3764 constanter
868 3702 1036 3767 adhibuit.
1060 3704 1121 3766 Ast
1143 3703 1340 3790 asperitates

217 3798 449 3887 quaestionum
479 3798 794 3886 ratiociniorumque
822 3799 899 3887 styli
928 3799 1108 3887 splendore
1137 3800 1336 3876 dissimulat,

217 3895 378 3960 terminos
411 3896 682 3982 specialissimoS,
712 3896 774 3959 nisi
798 3897 864 3960 sint
894 3897 1084 3974 necessarii,
1113 3897 1338 3986 formulasque

219 3994 388 4067 barbaraS,
420 3993 558 4056 delectis
588 3993 734 4080 propriis
761 3994 1037 4082 elegantibusque
1070 3995 1254 4073 vocabulis,
1287 4021 1338 4059 ex·

219 4090 340 4155 cludit:
364 4114 437 4153 enm
456 4089 611 4153 facilitate
626 4091 842 4167 tleritonstrat,
865 4116 938 4155 cum
960 4092 1110 4156 claritate
1132 4105 1164 4156 et
1184 4094 1338 4180 amplitu-

219 4189 297 4252 dine
311 4187 444 4257 refutat.
465 4187 530 4251 into
546 4201 579 4251 et
594 4212 669 4251 eum
688 4189 773 4251 sale:
799 4213 863 4252 non
880 4191 994 4253 haeret
1010 4191 1264 4277 quaestionibus
1277 4193 1341 4256 nisi

221 4286 317 4350 seriis
337 4298 370 4349 et
391 4285 548 4348 utilibus:
575 4286 779 4374 dogmaticas
800 4287 945 4349 theorias
965 4287 1173 4350 abundanter
1198 4289 1339 4353 evolvit:

221 4408 356 4472 operam
375 4383 519 4471 denique
536 4407 602 4446 non
617 4395 743 4446 tantum
761 4384 1019 4473 'l'lumlogormm
1038 4384 1096 4448 sed
1111 4399 1287 4473 poetarum
1308 4400 1341 4450 et

261 4601 284 4650 l.
305 4595 353 4650 Ex.
371 4594 446 4648 Risit.
468 4597 477 4646 l
496 4593 572 4646 ttart.
593 4595 671 4646 1512.
