3074 5422
686 419 843 482 ,43-

203 558 350 634 Erasmo,
373 571 429 621 aut
448 556 689 633 Meldensibns,
714 556 925 643 disputavere
941 557 1115 632 Doctores,
1142 554 1251 617 Bedae
1270 552 1320 616 vel

202 655 386 720 Clichtovei
406 655 489 718 votis
510 668 629 741 sponte
649 667 832 719 cesserunt.

246 753 457 818 Clichtoveus
483 752 570 816 cnim
591 752 759 816 doctrinas
778 752 995 827 LutheranaS,
1018 749 1212 837 priusquam
1234 749 1320 813 inter

203 851 390 940 'l'heologos
406 851 664 927 discuterentur,
679 849 816 912 inlibris
833 848 900 911 suis
912 848 1094 924 evolvebat,
1108 860 1164 910 aut
1175 848 1318 923 easdem,

203 974 363 1037 posquam
388 949 529 1040 agitatae
557 961 589 1011 et
612 947 767 1011 delinitae
792 947 933 1025 lucrant,
962 971 1025 1033 ope
1051 946 1215 1009 rationum
1242 945 1321 1008 hino

203 1047 280 1110 inde
300 1047 558 1134 propositarum,
577 1046 760 1109 refellebat.
783 1048 855 1127 Qua
871 1045 951 1107 inre
965 1057 1058 1108 tanto
1073 1044 1144 1106 zelo
1164 1055 1321 1130 tantaque

205 1145 342 1209 scientia
356 1144 507 1219 eminuit,
528 1157 589 1207 uta
607 1142 807 1207 Chcvillerio
824 1143 967 1205 Malleus
982 1141 1121 1205 Lutheri
1135 1140 1235 1204 suerit
1248 1165 1322 1228 pro·

205 1244 374 1321 clamatuS,
397 1255 429 1305 et
447 1267 464 1305 a
480 1242 639 1316 Launoio,
663 1254 697 1304 ut
714 1240 868 1318 diximus,
892 1240 1018 1327 primus
1035 1240 1146 1303 statim
1162 1251 1238 1326 post
1261 1240 1322 1302 Ec-

205 1341 292 1404 lium
309 1341 365 1428 qui
381 1340 537 1403 adversus
554 1340 736 1403 Lutherum
752 1337 924 1427 scripserit
941 1337 1040 1447 lqcrit
1057 1338 1203 1401 habitus.

249 1440 296 1503 Re
316 1437 451 1526 quidem
467 1462 554 1514 vera,
574 1437 715 1525 singulis
732 1436 800 1500 scre
817 1435 923 1515 annis,
943 1460 1025 1498 nova
1041 1434 1192 1498 condidit
1207 1446 1322 1497 contra

206 1537 384 1601 Lutherum
405 1561 517 1623 opera.
536 1535 673 1598 Librum
695 1538 741 1598 Dc
756 1539 964 1600 veneratione
978 1548 1178 1610 sanctorum,
1201 1536 1232 1595 3ἢ
1248 1556 1323 1619 sep-

205 1634 343 1698 tembris
365 1636 461 1711 1523,
485 1646 560 1720 post
589 1633 732 1720 aliquam
763 1633 879 1696 dehac
900 1656 935 1695 re
956 1633 1150 1720 prolatama
1172 1632 1324 1695 Sorbona

205 1731 416 1809 sententiam,
434 1731 557 1808 edidit,
576 1730 833 1810 Antilutlzerum,
853 1733 906 1792 ’13ἢ
920 1729 1067 1793 octobris
1085 1730 1182 1807 1521,
1200 1731 1325 1817 Propu-

201 1830 391 1918 gnaculruu,
412 1829 464 1892 18²
481 1828 557 1891 maii
579 1829 681 1904 152&
703 1828 824 1891 librum
840 1829 889 1891 Dc
904 1829 1119 1891 Socrumcnm
1139 1827 1324 1891 Eucharis-

205 1934 271 1991 tiae
285 1940 399 1990 contra
412 1926 716 2014 Occolampadium,
729 1927 761 1989 9³
772 1926 848 1989 maii
862 1927 959 2002 1527,
972 1925 1156 1988 successive
1169 1924 1202 1987 in
1217 1924 1324 1987 lucem

206 2024 325 2090 emisit.
341 2026 432 2105 Quae
452 2025 586 2112 quidem
603 2049 703 2111 opera
723 2023 953 2111 principaliter
979 2023 1114 2110 quidem
1129 2023 1322 2098 Lutherum,

206 2123 262 2187 sed
284 2122 382 2186 etiam
399 2122 477 2185 licet
496 2122 603 2192 rarius
619 2124 793 2186 Erasmnm
811 2134 842 2185 et
862 2123 1006 2184 Fabrurn
1027 2122 1219 2208 carpebant.
1239 2121 1324 2200 Quo·

206 2221 304 2284 modo
325 2220 461 2284 Lutheri
481 2221 588 2283 omnia
612 2220 678 2283 lere
693 2219 847 2310 dogmata
868 2220 1050 2284 refellenda
1070 2232 1193 2296 essent,
1216 2219 1326 2281 catho-

206 2319 277 2382 licis
302 2318 490 2381 indicabat:
522 2318 681 2405 quasdam
710 2331 838 2381 tantum
870 2318 1045 2405 opiniones
1079 2316 1219 2394 Erasini,
1259 2339 1326 2378 non

207 2416 329 2480 omisso
351 2416 497 2493 nomine,
523 2416 701 2479 retundere
735 2417 943 2479 conabatur:
973 2417 1116 2479 Fabrum
1142 2428 1250 2478 autem
1271 2426 1327 2477 aut

206 2514 406 2594 MeldenseS,
434 2514 631 2601 praeteritae
651 2514 779 2577 ratione
801 2514 968 2577 societatis
991 2526 1024 2576 et
1053 2511 1233 2589 affinitatis,
1265 2536 1326 2574 neo

208 2612 273 2676 suis
290 2611 492 2689 nominibus,
516 2612 578 2674 etsi
605 2612 736 2699 saepius
762 2611 933 2688 refutatos,
961 2611 1168 2700 designabat.
1192 2610 1325 2674 Utinam

207 2723 271 2773 tam
307 2709 411 2773 veteri
440 2710 545 2772 amico
573 2709 837 2773 crediderintl...
872 2709 1046 2796 Siquidem
1080 2710 1122 2771 ob
1153 2707 1326 2796 praedica-

207 2808 313 2871 tiones
325 2808 366 2871 ad
381 2807 627 2871 Parlamentum
648 2807 739 2870 luere
756 2806 878 2870 delati:
895 2807 1010 2893 ipsosa
1021 2806 1188 2870 cathedris
1209 2806 1325 2893 prohi-

208 2907 284 2970 bere
306 2905 526 2969 Brioonnetus
548 2907 661 2992 jussus
687 2918 757 2967 est:
784 2904 933 2967 Farellus
955 2905 987 2968 in
1012 2904 1193 2967 llelvctiam
1222 2903 1323 2991 sugit:

209 3004 262 3067 alii
274 3003 532 3090 praedicatores,
552 3003 679 3067 scilicet
695 3005 739 3066 M.
755 3002 920 3066 blazuricr
931 3015 964 3066 et
977 3002 1099 3080 Caroli,
1117 3002 1234 3065 iisdem
1246 3025 1325 3063 oon·

208 3102 359 3165 cionibus
381 3101 513 3165 casdem
530 3100 596 3165 iras
617 3113 649 3163 ct
666 3100 873 3187 suspiciones
895 3101 1099 3178 excitarunt3
1122 3124 1236 3163 rursus
1253 3100 1327 3161 Bri·

208 3212 368 3263 connetus
388 3211 421 3262 et
441 3199 604 3262 Mazuricr
620 3199 661 3262 ad
681 3198 951 3261 retractationem
973 3197 1077 3261 coacti
1099 3210 1176 3261 sunt
1196 3197 1327 3261 :Caroli

209 3321 340 3385 quoque
368 3297 463 3385 sugit,
496 3299 621 3360 Povcnt
654 3309 788 3359 exustus
823 3309 884 3373 est,
925 3297 1032 3362 Faber
1070 3295 1327 3384 Argentoratum

209 3396 357 3473 secessit,
381 3397 518 3482 ejusque
539 3418 658 3458 nomen
676 3395 770 3481 quasi
786 3395 941 3458 Doctoris
961 3394 1117 3457 catholici
1138 3419 1154 3456 a
1176 3394 1327 3458 Sorbona

208 3493 268 3557 luit
288 3493 525 3580 proscriptum.
545 3495 613 3555 lmo
631 3492 858 3556 Clichtovcum
876 3492 1075 3555 formidabat
1091 3492 1197 3556 Rulus
1213 3493 1329 3577 (Rous-

207 3591 278 3677 sel),
301 3591 358 3679 qui
374 3590 542 3653 scribebat
562 3590 602 3653 ad
617 3590 794 3668 Farellnnr,
814 3593 844 3652 6³
856 3590 931 3677 julii
949 3591 1033 3653 1511
1051 3615 1057 3652 :
1077 3616 1093 3651 «
1117 3589 1328 3654 Clichtoveus

207 3688 286 3751 olim
308 3701 421 3751 noster
442 3689 552 3778 pergit
571 3688 826 3774 pharisaismum
849 3688 961 3765 tutari,
990 3700 1023 3750 et
1043 3690 1112 3774 jam
1139 3687 1244 3750 edidit
1267 3687 1328 3749 ali-

206 3810 289 3873 quos
304 3786 408 3849 libros
429 3786 462 3848 in
478 3786 671 3849 Lutherium
692 3811 732 3849 ex
752 3787 891 3849 aliorum
908 3785 1041 3873 scriptis
1062 3810 1121 3849 suo
1138 3810 1228 3848 more
1248 3809 1328 3848 con-

207 3884 392 3961 sarcinatis,
418 3884 458 3947 de
483 3884 604 3972 quibus
635 3884 718 3947 nihil
746 3884 865 3947 attinet
894 3885 1126 3971 pronunciare,
1154 3908 1228 3947 cum
1255 3883 1329 3970 plus

208 3982 287 4046 satis
303 3981 462 4046 noveritis
482 3982 543 4045 viri
565 3982 748 4070 ingenium.
768 3983 807 4045 lli
825 3983 972 4046 nondum
989 3982 1155 4070 impressi,
1175 3980 1233 4044 sed
1254 4004 1329 4043 mox

206 4104 243 4143 ac
258 4080 382 4143 luerint
398 4079 553 4158 absoluti,
568 4105 606 4143 ox
623 4078 753 4143 ollioina
769 4081 891 4143 curabo
903 4080 944 4143 ad
959 4105 1016 4142 vos
1029 4079 1189 4143 veniant¹.
1210 4105 1226 4139 1)
1245 4078 1328 4141 llinc

205 4177 319 4264 plures
334 4177 382 4240 illi
398 4177 606 4241 invidebant:
627 4177 904 4265 Occolampadius
925 4178 1063 4241 vocabat
1079 4202 1173 4240 suum
1190 4201 1273 4264 opus
1288 4175 1328 4239 de

206 4277 422 4339 Sacramento
433 4278 464 4338 E
467 4276 687 4339 uclraristi'ue:
701 4303 716 4336 u
731 4300 812 4363 opus
823 4275 1083 4339 stultissimum»
1094 4302 1101 4353 3
1113 4288 1145 4338 et
1157 4277 1325 4352 Erasmus,

210 4377 223 4437 l
248 4397 324 4462 aug.
345 4374 441 4451 1530,
460 4373 627 4437 scribebat
642 4374 682 4437 dc
699 4374 918 4437 Lutheranis:
938 4400 954 4434 u
973 4376 1008 4436 ln
1027 4373 1174 4452 Eooium,
1192 4372 1227 4435 in
1243 4372 1314 4459 epis

245 4581 270 4630 1.
294 4576 421 4639 Schmidt,
438 4577 566 4638 Roussel,
584 4581 644 4631 177.
