3074 5422
691 463 853 522 ..51-

209 621 246 659 se
268 596 449 683 discipulos
466 620 540 659 cum
561 596 647 659 libro
663 596 799 673 docens,
818 594 1051 684 effingebatur.
1071 593 1173 680 Cujus
1190 593 1332 680 inscrip-

205 694 267 770 tio,
284 693 449 757 delineata
465 706 563 781 prout
579 691 794 771 indicaverat,
809 692 857 756 sic
873 692 1059 781 legebatur,
1080 690 1274 776 incipiendo
1290 691 1331 753 ab

207 791 275 855 alto
290 815 330 855 ex
349 804 442 879 parte
459 791 631 882 Evangelii
651 818 657 854 :

255 918 271 952 «
297 891 456 956 Tumulus
485 890 601 955 Judoei
621 891 801 955 Clictovaei
826 889 1147 968 Novo-Portuensis,
1176 889 1331 953 Doctoris

207 988 371 1078 Theologi
386 1002 417 1052 et
431 989 582 1052 canonici
597 988 757 1052 ecclesiae
772 988 1002 1063 Carnotensis,
1020 988 1109 1052 omni
1127 1012 1249 1078 genere
1264 987 1331 1050 vir-

204 1099 314 1150 tutum
343 1099 375 1150 et
404 1087 589 1150 litterarum
618 1087 834 1160 ornatissimi,
857 1086 914 1174 qui
944 1086 1029 1149 obiit
1053 1086 1107 1149 die
1136 1087 1176 1150 22
1206 1087 1329 1150 mensis

205 1185 419 1272 septembris,
446 1208 532 1247 anno
564 1185 739 1248 millesimo
771 1185 1043 1274 quingentesimo
1074 1183 1329 1272 quadragesimo

205 1283 317 1346 tertio.
342 1283 541 1370 Requiescat
562 1283 595 1346 in
612 1307 704 1371 pace.
726 1309 742 1343 u

251 1380 339 1444 lusra
362 1381 558 1472 legebatur:
582 1407 598 1442 «
624 1381 702 1446 Scio
723 1381 814 1469 quod
833 1380 1026 1469 redemptor
1043 1405 1176 1446 meus...
1202 1408 1218 1441 u
1240 1394 1272 1444 et
1295 1381 1329 1444 in

205 1479 294 1542 libro
310 1503 408 1567 quem
425 1480 584 1543 tenebat:
605 1506 620 1540 3
638 1479 775 1543 Psallite
792 1479 972 1566 sapienter.
1000 1506 1016 1540 u

252 1578 386 1640 Praeter
403 1578 487 1640 hane
503 1577 756 1665 inscriptionem
779 1578 925 1654 latinam,
946 1577 1068 1665 duplex
1088 1577 1177 1640 aliud
1192 1577 1327 1641 videba-

206 1688 261 1739 tur
277 1673 495 1762 epitaphium,
517 1676 668 1738 versibus
685 1675 814 1766 gallicis
830 1676 1000 1763 scriptum.

252 1773 398 1836 Primum
415 1771 547 1860 quidem
564 1774 629 1858 (68²
645 1776 769 1858 versus)
787 1776 882 1860 cujus
900 1774 1064 1837 launoius
1086 1773 1186 1837 refert
1203 1776 1247 1837 40Γ
1263 1775 1327 1862 pri·

208 1895 280 1935 mos
303 1894 417 1934 versus
437 1883 470 1934 et
494 1869 568 1933 17ἰῐῐΙ
592 1871 737 1949 ultimos,
765 1885 914 1959 tempore
940 1871 1132 1936 Chevillerii
1160 1874 1204 1959 (p.
1239 1875 1325 1959 422),

207 1968 324 2057 periit:
348 1993 389 2032 en
404 1968 538 2032 ultimos
554 1993 594 2032 ex
614 1970 762 2033 Launoio
782 1994 917 2034 versus:

367 2127 496 2187 Celui-ci
516 2129 609 2188 estoit
625 2131 662 2188 ne
678 2129 715 2189 de
732 2130 886 2210 Nieuport
901 2151 939 2188 en
954 2128 1106 2188 Flandres

367 2216 415 2276 Ob
429 2216 449 2275 il
463 2238 551 2297 passa
569 2240 616 2278 ses
629 2219 718 2299 jours
733 2220 883 2299 premiers
897 2226 928 2278 et
944 2218 1068 2278 tendres

367 2305 440 2365 Puis
455 2328 493 2366 en
508 2307 532 2366 F
536 2329 628 2367 rauce
643 2309 709 2368 vint
725 2309 898 2381 demeurer,

366 2395 441 2454 Bien
457 2397 519 2456 bon
536 2396 559 2455 F
562 2398 692 2470 rancoiS,
711 2399 764 2478 qui
779 2398 807 2457 13
823 2406 909 2458 secut
925 2415 1088 2457 savcurer:

367 2484 505 2544 Docteur
519 2485 539 2543 il
556 2486 602 2545 fut
625 2507 661 2545 en
678 2487 705 2546 13
723 2488 828 2547 Sainte
845 2488 986 2548 Eeriture

367 2573 419 2632 Tel
435 2595 495 2653 que
511 2574 619 2635 dessus
635 2576 698 2656 j'en
715 2577 742 2636 ai
754 2577 808 2636 lait
826 2577 854 2636 la
872 2577 1026 2657 peinture.

368 2665 395 2720 Α
411 2661 558 2723 Chartres
573 2667 613 2724 oh
628 2665 656 2724 13
673 2666 788 2744 Vierge
804 2666 890 2725 Mere
908 2669 924 2725 3
943 2666 1023 2725 Dieu

366 2754 393 2809 Α
409 2772 449 2809 33
465 2753 491 2811 si
506 2753 584 2812 beau
597 2762 628 2813 et
644 2755 667 2812 si
686 2754 755 2814 bien
769 2756 851 2814 servi
866 2755 927 2814 lieu

369 2839 428 2900 Fut
444 2843 460 2901 3
474 2842 535 2901 bon
551 2843 633 2903 droit
649 2843 803 2924 thdologal
818 2844 979 2916 chanoine,

368 2929 415 2989 Oh
427 2930 449 2988 il
465 2932 561 2990 servit
577 2935 593 2991 a
609 2940 691 2992 cette
706 2933 799 2993 haute
815 2934 934 3014 Royne,

365 3018 498 3099 Jusques
514 3041 529 3078 a
549 3028 648 3101 temps
664 3043 723 3102 que
739 3023 799 3081 1’33
818 3023 870 3080 mil
887 3031 917 3082 et
934 3024 1005 3103 eiuq
1021 3031 1107 3082 cents

367 3107 648 3174 Quarante-troist
668 3119 751 3170 mort
766 3133 844 3193 paya
860 3112 887 3170 le
903 3134 975 3171 cens

365 3197 490 3258 Sortant
509 3199 550 3258 du
566 3221 657 3280 corps
676 3200 794 3281 l'esprit
812 3201 881 3281 plus
896 3201 971 3260 clair
987 3224 1047 3282 que
1062 3202 1179 3262 lambre

364 3285 461 3365 Vingt
476 3295 507 3346 et
522 3288 603 3348 deux
620 3290 709 3370 jours
725 3291 801 3349 dans
814 3291 842 3350 le
863 3292 940 3350 mois
955 3292 993 3350 de
1009 3292 1197 3371 septembre.

527 3378 681 3458 Quoiqu'il
697 3379 848 3440 advienne

366 3465 452 3525 Priez
468 3487 546 3547 pour
564 3467 652 3527 l'ame
671 3469 709 3527 de
724 3469 773 3528 seu
789 3469 849 3529 bon
864 3470 989 3530 homme

488 3557 600 3617 Nostre
617 3558 743 3617 maistre
759 3558 934 3619 Cliethoue.

250 3734 351 3799 Aliud
365 3735 570 3824 epitaphium
587 3738 760 3826 legebatur
778 3741 810 3802 in
831 3741 942 3804 tabula
965 3741 1092 3828 lapidea
1115 3767 1198 3830 quae
1219 3743 1253 3806 in
1275 3767 1328 3806 ca-

204 3832 292 3922 pella
311 3833 346 3896 S.
368 3833 485 3897 Judoci
501 3859 518 3898 a
534 3835 636 3899 latere
654 3836 789 3900 sinistro
810 3839 903 3901 chori
924 3840 1032 3925 posita
1054 3854 1142 3904 erat:

367 3991 412 4073 Cy
426 4000 472 4052 cst
486 3993 590 4054 l'autel
603 3995 688 4055 dleve'
704 4018 741 4056 en
760 3996 924 4057 l'honneur

365 4081 525 4142 Monsieur
538 4084 624 4144 Saint
641 4085 739 4156 losse,
757 4093 789 4145 et
801 4108 838 4145 en
855 4088 902 4146 fut
917 4087 945 4146 le
959 4088 1109 4161 donneur,

366 4171 409 4230 Le
424 4171 485 4231 bon
501 4172 640 4246 docteur,
661 4176 786 4234 maistre
801 4197 839 4235 en
854 4177 1010 4256 theologie

368 4259 447 4319 Mais
462 4261 500 4320 de
516 4261 612 4337 Paris,
633 4270 665 4323 et
679 4286 716 4323 en
732 4272 819 4324 toute
835 4265 951 4345 clergie

367 4349 455 4409 losse
474 4350 608 4412 Clictou.
626 4353 680 4412 113
696 4354 788 4413 fonde
804 4357 895 4414 ceans

370 4438 420 4498 Du
435 4443 534 4500 meme
547 4443 645 4502 sainct
660 4442 688 4502 la
706 4443 766 4503 lete
783 4450 853 4504 tous
868 4444 912 4504 les
931 4466 995 4517 ans,

372 4528 411 4588 Et
424 4550 462 4588 en
477 4529 595 4608 l’eglise
610 4553 703 4612 aussy
717 4533 745 4591 la
759 4532 955 4594 Cathddralle

372 4619 419 4678 Oh
433 4619 454 4677 il
470 4621 569 4680 tenoit
583 4622 739 4703 pre'bende
754 4623 951 4703 theologalle,
