3074 5422
675 432 854 494 —lOl—

203 568 340 634 connixi
362 591 474 632 sumus
494 593 529 630 »z
551 570 580 631 l.
604 567 715 643 Eccio,
739 591 836 654 quem
857 566 1008 654 sequitur
1029 569 1061 632 in
1085 571 1115 630 l⁸
1130 582 1224 656 parte
1246 569 1324 634 libri

203 670 253 732 De
276 669 483 733 veneratione
502 666 712 744 Sanctorum,
740 665 773 728 in
799 665 1008 729 Autt'lutlzero
1028 679 1061 729 et
1087 667 1121 730 in
1147 691 1249 754 opere
1278 670 1326 732 De

202 765 442 830 Eucharistiae
457 765 688 840 Suerumeth
704 765 796 850 cujus
810 764 872 826 hoc
888 762 1032 853 elogium
1045 764 1209 829 delineat:
1230 793 1247 827 u
1261 767 1325 848 Qui

204 887 290 927 unus
315 863 403 925 inter
423 874 554 924 ceteros
580 874 614 924 ut
638 860 722 924 alter
737 860 836 925 Judas
860 861 1061 926 blachabeus
1081 887 1142 950 pro
1157 863 1326 928 Ecclesiae

206 974 338 1024 sanetae
364 958 559 1030 defensione
581 958 754 1022 interritus
779 983 910 1045 semper
935 959 1028 1023 stetit
1047 960 1081 1024 in
1104 961 1185 1039 acie,
1208 974 1241 1025 et
1262 986 1327 1026 non

206 1059 315 1123 minus
336 1082 393 1120 ore
421 1081 518 1145 quam
540 1058 665 1121 calamo
686 1057 820 1119 inimica
836 1056 898 1120 Dei
912 1058 1043 1144 agmina
1064 1059 1211 1123 animose
1231 1084 1328 1148 pros-

205 1156 316 1234 travit,
329 1154 576 1244 quodetadhuc
593 1154 742 1242 quotidie
755 1154 941 1218 indefessus
951 1156 1031 1245 agit,
1045 1156 1329 1222 militansassidue

206 1253 370 1318 incastris
385 1252 530 1317 Domini.
547 1279 563 1312 n
582 1255 617 1315 ln
634 1276 735 1339 opere
747 1251 880 1316 tandem
891 1265 1004 1316 contra
1016 1254 1237 1319 Hallewinum
1250 1256 1330 1320 citat

205 1356 302 1417 loun.
321 1352 580 1439 Dytcmbcrgam
597 1350 931 1414 Francol'ordiensem
948 1353 1023 1415 Sax.
1043 1352 1180 1416 Ordinis
1192 1354 1331 1418 Praedi-

208 1463 357 1514 catorum
378 1447 577 1536 professum,
600 1449 643 1511 ob
669 1473 764 1511 suum
788 1449 839 1511 De
866 1453 946 1512 rotis
970 1455 1161 1514 monasticis
1191 1450 1328 1518 librum.

208 1547 335 1611 ibidem
352 1559 421 1609 tres
437 1546 566 1609 inducit
583 1546 633 1609 sui
648 1546 809 1632 temporis
825 1545 965 1636 gallicos
981 1548 1162 1612 Doctores:
1181 1549 1333 1614 Natalem

208 1645 344 1723 Bedam‚
363 1644 544 1709 Oliverium
561 1643 715 1707 Maillard
727 1642 748 1721 ¹,
767 1644 1045 1732 Augustinianum
1058 1644 1205 1725 fratrem,
1229 1647 1332 1712 famo-

208 1767 346 1832 sumque
369 1742 646 1830 praedicatorem,
678 1754 711 1805 et
738 1741 975 1830 Hieronymum
1008 1743 1203 1834 d'Hangest,
1239 1748 1332 1810 theo·

208 1842 332 1930 logum,
355 1853 515 1904 tractatus
535 1841 584 1904 De
604 1841 704 1905 libero
725 1840 865 1904 arbitrio
886 1854 1066 1905 auctorem.

252 1942 326 2004 Uno
342 1939 473 2002 demum
490 1939 593 2002 verbo
609 1938 649 2001 ad
667 1938 751 2001 hanc
772 1939 988 2029 Theologiam
1010 1941 1216 2005 scolasticam
1234 1966 1332 2029 quam

205 2037 411 2125 judicaverat
426 2037 585 2100 insulsam
602 2047 634 2099 et
654 2036 695 2099 ad
716 2035 907 2100 scolasticos
923 2039 1086 2102 Doctores
1101 2038 1199 2102 redit.

254 2135 428 2199 Maximam
454 2134 569 2198 deberi
595 2133 694 2197 fidem
723 2134 880 2225 liturgiae
906 2159 995 2198 nunc
1015 2134 1167 2214 affirmat,
1194 2162 1334 2226 eamque

209 2257 275 2296 non
298 2245 426 2296 tantum
451 2232 633 2309 observari,
666 2231 724 2294 sed
752 2232 853 2296 etiam
879 2245 914 2296 ut
939 2233 1084 2319 Spiritus
1111 2235 1225 2298 Sancti
1246 2260 1332 2322 opus

209 2330 300 2395 credi
326 2332 433 2417 jubet.
453 2330 555 2409 Olim,
584 2354 754 2416 nunquam
781 2329 863 2394 festa
897 2333 1095 2395 Sanctorum
1122 2334 1163 2395 ab
1192 2334 1331 2421 antiquo

209 2429 360 2492 instituta
393 2441 551 2515 tanquam
582 2427 725 2518 legitimi
758 2428 865 2492 cultus
899 2443 1093 2519 argumenta
1133 2434 1330 2518 accepisset,

209 2530 304 2592 Nunc
325 2526 365 2589 de
381 2526 500 2590 iisdem
521 2525 564 2589 ita
581 2525 747 2614 loquitur:
772 2553 788 2587 ι(
806 2530 893 2590 Haec
909 2527 1043 2615 quidem
1058 2528 1167 2592 omnia
1183 2553 1244 2616 per
1260 2530 1330 2594 diu·

208 2637 339 2688 turnam
370 2623 647 2687 consuetudinem
672 2623 717 2687 ita
746 2624 915 2688 observata
944 2638 1021 2688 sunt
1047 2639 1146 2714 atque
1171 2629 1332 2692 corrobo-

210 2734 290 2800 rata,
313 2735 350 2785 ut
365 2724 434 2809 jam
454 2722 535 2784 olim
550 2721 745 2785 transierint
760 2722 794 2785 in
810 2722 919 2812 legem
939 2736 971 2786 et
992 2724 1031 2787 ab
1047 2724 1118 2810 ipsa
1134 2724 1333 2814 antiquitate

208 2832 437 2906 vetustateque
461 2821 632 2906 temporis,
658 2844 730 2883 cum
753 2820 888 2907 publico
909 2820 1056 2884 omnium
1076 2846 1242 2887 consensu
1267 2847 1333 2887 non

210 2917 390 2981 invalidum
406 2918 503 2980 etiam
516 2919 571 3003 jus
587 2918 788 3005 acceperint.
807 2917 909 3004 Atqui
928 2943 1024 2981 nemo
1040 2931 1091 2982 est
1111 2919 1167 3006 qui
1188 2944 1255 2984 non
1272 2945 1334 2985 no-

210 3016 295 3086 verit
313 3016 415 3079 totius
440 3015 606 3078 Ecclesiae
630 3014 784 3079 standum
807 3040 879 3079 esse
905 3016 1176 3081 determinationi
1201 3042 1238 3082 ac
1259 3019 1333 3083 usui

210 3127 277 3177 tam
293 3113 384 3203 longi
400 3113 600 3200 temporis...
615 3112 625 3144 ²
646 3139 662 3173 n

255 3214 328 3276 Non
345 3211 493 3274 eamdem
510 3211 623 3298 utique
645 3211 803 3274 Breviarii
819 3211 970 3303 legendis
991 3237 1027 3277 ac
1048 3213 1143 3276 libris
1164 3215 1334 3278 canonicis

211 3309 328 3373 tribuit
344 3308 586 3392 auctoritatem.
603 3309 691 3373 Olim
707 3309 838 3373 dicebat
855 3311 887 3372 in
905 3311 1064 3398 opusculo
1078 3313 1127 3374 De
1141 3317 1335 3376 necessitate

207 3411 337 3496 peceati
350 3405 444 3470 Adue
462 3434 476 3468 n
491 3406 524 3469 id
539 3431 610 3470 esse
628 3406 831 3470 discriminis
844 3408 932 3471 inter
949 3411 1122 3473 Sacrarum
1135 3409 1335 3474 Litterarum

212 3503 459 3593 propositiones
486 3516 518 3566 et
536 3504 717 3567 illustrium
738 3507 911 3569 sanctitate
933 3505 1151 3595 doctrinaque
1172 3507 1330 3586 virorum,

212 3602 301 3690 quod
316 3602 523 3665 orationibus
540 3627 579 3665 ex
595 3605 716 3666 Sacrae
733 3603 924 3691 Scripturae
936 3605 1163 3691 promptuario
1180 3605 1335 3694 desump-

212 3701 254 3765 tis
271 3699 504 3787 cumprimum
523 3698 709 3763 offeruntur
725 3700 913 3764 adhibenda
934 3715 985 3765 est
1000 3702 1081 3765 fides
1098 3716 1235 3790 propter
1257 3728 1335 3767 auc-

212 3798 380 3862 toritatem
396 3797 537 3861 dicentis
555 3797 817 3887 irrefragabilis:
835 3799 955 3863 deinde
973 3813 1083 3864 rectus
1100 3813 1132 3863 et
1149 3825 1246 3863 sanus
1263 3802 1336 3865 illa-

213 3921 286 3959 rum
313 3920 429 3959 sensus
453 3908 502 3958 est
529 3895 709 3986 diligenter
731 3896 967 3983 exquirendus.
996 3900 1146 3985 lpsorum
1170 3922 1249 3961 vero
1271 3902 1332 3964 SS.

214 3997 348 4058 Patrum
360 3993 459 4056 dietis
475 4017 540 4055 non
556 4018 592 4056 ea
605 3994 746 4057 debetur
760 3993 842 4057 fides
859 4008 915 4058 aut
931 3995 1126 4059 inconcussa
1143 3996 1335 4076 credulitas,

214 4091 273 4158 sed
293 4090 435 4178 primum
458 4090 581 4154 intueri
606 4092 702 4154 nobis
724 4091 800 4155 licet
819 4105 851 4155 et
874 4092 1031 4181 indagare
1048 4118 1088 4156 an
1109 4118 1180 4157 cum
1196 4095 1335 4158 veritate

215 4201 371 4252 constent
392 4201 423 4250 et
444 4189 506 4251 hoe
523 4202 701 4277 perspecto
716 4189 849 4252 demum
866 4189 932 4253 illis
948 4192 1196 4255 assentiendum
1213 4218 1243 4254 ».
1269 4193 1335 4257 Sed

214 4288 277 4351 hoc
293 4286 382 4350 Reda
406 4286 503 4374 plane
520 4286 768 4350 schismaticum
782 4287 1017 4352 declaraverat.
1029 4289 1125 4355 Unde
1136 4289 1170 4352 in
1186 4289 1273 4353 libro
1288 4292 1337 4354 De

250 4532 274 4585 l,
295 4525 482 4599 Improbatio,
499 4529 533 4579 66
546 4546 570 4578 v.

249 4603 275 4652 2.
296 4603 338 4652 Be
354 4597 533 4652 veneratione
548 4601 724 4661 Sanctorum,
739 4618 761 4650 c.
780 4617 821 4660 m,
838 4619 864 4670 p.
881 4603 933 4652 ὃν,
