3074 5422
278 887 563 970 CATALOGUS
594 887 799 970 OPEllUM
829 887 1121 970 CMCHTOVEI

407 1071 527 1118 ORDINE
545 1071 793 1118 CHRONOLOGICO
811 1071 984 1118 DIGESTUS¹

181 1409 347 1470 Transitus
356 1411 395 1470 B.
406 1410 607 1492 Hieronymi.
616 1412 695 1470 -ln
706 1413 780 1470 fine:
792 1411 966 1470 Clichtovei
977 1411 1147 1470 odisiieha.

137 1526 240 1578 Vander
256 1526 379 1596 Haeghen
391 1527 488 1578 indicat
500 1527 561 1578 edit.
1095 1576 1099 1581 ,

513 1607 594 1676 (Bibl.
610 1615 663 1661 nat.
680 1607 839 1677 RHstolo.)
854 1607 946 1667 Paria,
964 1607 1016 1660 Gui
1032 1608 1168 1663 Mercator.
1191 1611 1259 1662 1488

174 1740 244 1801 lac.
262 1739 362 1799 Fabri
381 1739 582 1821 Stapulenoie
594 1740 626 1800 in
640 1739 689 1799 VI
697 1740 1169 1822 primosMetapltysicoslibros

137 1837 316 1898 Aristotelia
325 1837 534 1898 introductio.
545 1875 582 1883 -
598 1840 631 1897 ln
643 1839 718 1898 fine:
736 1838 910 1898 Clichtovei
923 1839 1168 1899 exhortatorium

138 1935 267 1995 Carmen
283 1938 301 1996 5
319 1936 451 1996 disticha
468 1937 640 1996 continenS.

137 2050 258 2122 Suspicor
272 2053 383 2122 primam
395 2053 534 2104 editionem
547 2053 632 2105 datam
646 2054 723 2105 luisse
737 2073 779 2109 an.
1188 2057 1258 2108 1490

171 2132 204 2183 V.
221 2132 333 2202 Haegh„
346 2153 371 2203 p.
388 2135 448 2186 384.
463 2133 555 2192 Paria,
567 2133 612 2185 W.
629 2133 755 2204 Hopylius
768 2136 797 2203 (2
814 2135 900 2204 edit).
1099 2137 1163 2188 1501

172 2256 243 2316 lac.
261 2256 362 2317 Fabri
376 2257 575 2338 Stapulensis
589 2258 622 2317 in
633 2258 788 2340 Physicoe
807 2257 905 2317 libros
920 2258 1102 2318 Aristotelis
1118 2259 1170 2318 In-

138 2353 303 2414 troductio.
321 2390 358 2400 -
376 2357 410 2414 ln
435 2356 510 2415 fine:
536 2381 549 2410 «
571 2356 702 2415 Carmen
724 2357 935 2416 decastichum
958 2357 1070 2416 Judoci
1091 2357 1168 2417 Clic-

139 2452 232 2511 thoue
244 2453 312 2534 (sic)
329 2454 578 2533 regratiatorium
588 2476 694 2514 eorum
706 2455 759 2534 qui
771 2455 918 2535 hocopus
929 2455 1064 2536 imprimi
1081 2476 1170 2515 cura-

139 2557 260 2610 verunt.
280 2576 306 2611 ».

138 2656 168 2708 V.
186 2657 232 2719 H„
247 2676 300 2709 non
314 2659 443 2728 cognovit.
458 2658 517 2710 Vidi
532 2660 559 2710 in
573 2659 707 2712 Bisuntina
723 2659 889 2712 Bibliotheca.
908 2660 1000 2721 Paris„
1018 2661 1148 2732 Hygman,
1189 2664 1257 2714 1192

174 2791 244 2852 Jac.
270 2790 371 2851 Fabri
394 2791 594 2873 Stapulencis
614 2792 782 2853 nonnullae
805 2792 1056 2854 Introductiones
1079 2794 1170 2876 (lopi-

137 2889 229 2970 001001
252 2910 312 2970 per
334 2889 493 2950 Judocum
508 2889 723 2951 Clichtoveum
744 2890 775 2951 in
799 2913 894 2951 unum
911 2891 1083 2975 dilipenter
1104 2892 1168 2952 col-

138 2985 243 3047 lectae.
258 3023 293 3032 -
311 3013 324 3043 a
343 2989 381 3051 G.
399 2989 567 3049 Gonterius
586 2989 765 3049 lectoribus.
783 2989 995 3050 Praesentium
1012 2991 1171 3051 introduc-

137 3086 254 3144 tionum
266 3107 341 3167 quas
351 3087 493 3146 emittere
508 3087 676 3147 curabatl.
695 3088 912 3147 Clichtoveus:
932 3110 1006 3148 vero
1022 3089 1088 3170 (sic)
1102 3090 1169 3149 aliis

137 3184 166 3242 in
184 3184 277 3243 rebus
293 3192 445 3264 occupato
461 3185 705 3264 recognitionem
726 3187 857 3266 suscepi,
878 3208 937 3246 una
953 3209 1074 3247 mecum
1096 3209 1169 3268 ope-

136 3303 200 3341 ram
217 3303 303 3341 suam
320 3291 495 3363 praestante
515 3282 634 3342 Davidc
648 3284 765 3344 Lauxio
781 3311 808 3341 ».

138 3388 168 3439 V.
188 3389 222 3441 H.
243 3408 295 3441 non
308 3391 436 3459 cognovit.
453 3421 483 3430 —
498 3390 628 3459 Lugduni,
646 3390 716 3443 Guil.
735 3392 856 3443 Baharim
870 3393 949 3462 (Bibl.
968 3401 1019 3444 nat.
1036 3393 1147 3463 lisam).
1189 3396 1257 3449 1498

172 3501 207 3509 -
245 3473 306 3531 381,
321 3479 378 3541 post
393 3470 500 3522 Buisson
517 3472 600 3543 (Be'p.
618 3471 668 3524 des
684 3490 758 3525 ouer.
775 3471 880 3544 pedug.
900 3472 939 3525 du
955 3485 1011 3524 nvie
1025 3475 1064 3543 s.)
1074 3474 1169 3527 indicat

351 3551 491 3602 editionem
504 3550 617 3602 dubiam.
770 3552 861 3611 Paria,
875 3552 928 3605 Gui
942 3552 1078 3614 Mercator,
1101 3556 1169 3608 1496

173 3661 206 3670 -
244 3634 305 3692 291,
326 3632 402 3682 aliam
417 3638 489 3683 notat
502 3631 623 3699 Friburgi
638 3631 767 3700 Brisgoiae
1099 3637 1168 3689 1500

176 3762 223 3823 De
243 3762 421 3846 eloquentia
440 3763 612 3845 Gacparini
632 3764 867 3846 Perpamensie.
889 3803 927 3810 -
951 3768 984 3825 ln
1001 3769 1077 3826 ime:
1095 3768 1166 3826 lod.

137 3861 337 3921 Clichtoveus
354 3863 598 3942 Neoportuensis
611 3862 649 3922 ad
663 3863 824 3923 lectorem.

135 3968 168 4019 V.
186 3969 218 4020 H.
237 3989 288 4021 non
302 3970 430 4039 cognovit.
444 4000 475 4009 -
491 3969 598 4021 Buisson
612 3971 752 4040 suspicatus
762 3979 799 4023 est
808 3974 903 4045 (nep,
916 3993 941 4043 p.
955 3973 1091 4043 308).Vidi
1100 3976 1166 4030 Bibl.

351 4058 403 4102 nat.
420 4050 492 4118 RJX,
511 4053 588 4103 1399.
725 4051 816 4112 Paria,
832 4052 884 4105 Gui
900 4052 1036 4111 Mercator.
1055 4059 1084 4106 11
1102 4063 1166 4126 sept.
1190 4058 1257 4109 1198

385 4131 506 4199 (Brunct,
519 4130 632 4191 Manuel,
644 4133 720 4191 1861,
737 4131 771 4190 ll,
788 4135 866 4192 1292,
882 4133 942 4185 dicit
953 4134 1022 4186 hunc
1033 4142 1168 4187 tractatum

169 4321 191 4367 1.
210 4319 287 4382 Opera
302 4320 429 4367 Clichtovei
443 4321 519 4369 adhue
536 4323 662 4370 1001111001
683 4330 801 4387 incognita
820 4331 930 4371 notantur
945 4325 988 4372 hoe
1008 4333 1075 4389 signo
1089 4319 1158 4398 w,
1174 4335 1197 4375 at
1212 4344 1258 4374 non

138 4396 291 4437 inveniuntur
310 4398 334 4438 in
350 4392 461 4456 Caialogo
475 4394 569 4441 Vander
587 4395 707 4458 llaeghen.
728 4395 809 4442 Plures
828 4402 897 4442 etiam
917 4398 1029 4443 editiones
1048 4399 1183 4446 indicantur
1201 4416 1258 4462 quas

138 4462 200 4508 idem
216 4469 296 4509 auctor
311 4481 357 4509 non
372 4471 480 4526 cognovit
492 4465 548 4513 haee
561 4483 565 4512 :
578 4483 629 4512 meo
641 4473 682 4513 aut
694 4467 759 4512 nullo
774 4474 868 4513 nomine
880 4474 1050 4530 insigniuntur.
1067 4470 1165 4533 Propria
1186 4487 1258 4516 manu

139 4534 214 4578 evolvi
224 4535 364 4596 exemplaria
379 4552 437 4596 quaa
449 4535 561 4583 dicuntur
577 4555 624 4583 esse
645 4544 669 4584 ln
684 4538 726 4584 hac
739 4539 773 4584 vel
789 4539 828 4584 illa
844 4539 986 4586 Bibliotheca
999 4547 1021 4586 ct
1036 4542 1130 4603 quidem
1144 4559 1191 4589 non
1203 4549 1257 4589 sunt

140 4621 238 4651 numero
252 4607 369 4667 pauciora.
884 4603 886 4606 ¹
