3074 5422
679 413 856 475 -107-

206 549 422 624 coercendus,
437 573 533 637 quam
546 547 673 611 ratione
686 548 794 636 aliqua
813 548 1041 626 revincendus,
1061 550 1151 638 quod
1167 549 1200 613 in
1213 575 1326 639 quaes-

204 648 330 711 tionem
346 659 528 711 revocatae
544 646 652 709 trahat
670 645 703 708 in
720 646 923 735 ambiguum,
942 647 1031 735 quod
1046 671 1086 710 ex
1099 660 1150 712 tot
1166 672 1327 714 annorum

203 745 390 823 intervallo,
410 745 544 832 publico
555 743 671 832 populi
683 769 847 808 consensu
860 769 896 808 ac
911 745 1013 808 tantis
1029 746 1327 833 approbationibus

204 856 310 907 ratum
332 843 446 906 haberi
463 841 563 906 debet
583 856 616 905 et
632 842 770 906 maxime
786 867 980 930 persuasum
994 870 1001 920 ;
1020 842 1140 908 sufficit
1154 845 1241 908 enim
1255 846 1327 933 ipsa

204 941 366 1029 temporis
388 941 568 1028 antiquitas
595 964 632 1004 ao
655 940 839 1004 indubitata
864 941 965 1004 totius
998 941 1112 1028 populi
1141 944 1325 1017 sententia,

206 1039 365 1103 diuturno
386 1062 422 1101 ao
438 1038 532 1101 firmo
552 1039 705 1101 roborata
727 1062 904 1115 consensu,
926 1040 1159 1104 authoritatem
1180 1040 1258 1104 huic
1280 1042 1327 1104 rei

207 1135 394 1202 inducere¹.
411 1163 427 1196 u
440 1136 832 1226 AnimasexPurgatorio
848 1135 958 1199 redire
970 1136 1090 1215 credit,
1109 1161 1328 1224 praecavean-

204 1248 259 1299 tur
280 1248 390 1298 tamen
412 1233 605 1297 illusiones:
624 1233 790 1298 miraculis
811 1258 828 1296 a
849 1233 974 1322 populo
995 1235 1159 1299 enarratis
1175 1237 1326 1314 assentit,

206 1332 418 1420 prudentiam
439 1345 548 1395 tamen
566 1331 658 1395 ineis
673 1330 875 1418 accipiendis
892 1332 1114 1396 commendat.
1133 1335 1207 1398 Uno
1226 1335 1328 1399 verbo

207 1430 370 1519 quidquid
386 1428 538 1507 affirmat,
557 1442 612 1493 aut
628 1429 705 1493 facit
719 1429 880 1507 Ecclesia,
897 1430 948 1494 vel
964 1429 1108 1518 populus
1128 1430 1328 1496 christianus

207 1529 316 1616 primo
336 1540 509 1591 veneratur
534 1540 565 1591 et
586 1527 809 1614 amplectitur,
834 1551 895 1591 nec
923 1528 1143 1615 rejiciendum
1169 1553 1240 1593 esse
1264 1530 1328 1594 nisi

208 1627 277 1713 ipsa
299 1625 438 1689 ecclesia
460 1626 702 1702 consentiente,
718 1624 857 1712 judicat.
878 1652 894 1686 «
914 1628 1000 1690 Sane
1016 1626 1119 1689 satius
1140 1639 1231 1691 est...
1250 1651 1328 1690 cum

208 1737 276 1787 tota
297 1724 420 1787 sentire
439 1724 627 1787 Ecclesia...
651 1746 748 1810 quam
771 1723 951 1786 nonnullos
976 1723 1179 1811 eosdemque
1203 1748 1326 1812 paucos

208 1823 389 1886 novitatum
420 1821 587 1884 studiosos
614 1821 921 1908 paradoxorumque
956 1834 1149 1899 sectatores,
1186 1846 1327 1910 quorum

209 1920 353 1984 studium
382 1920 414 1982 in
444 1921 507 1982 hoc
534 1918 743 2007 potissimum
768 1931 916 1982 versatur
941 1932 976 1982 ut
1001 1942 1084 2006 quae
1105 1920 1146 1982 ab
1173 1921 1327 1984 omnibus

210 2031 342 2106 recepta
358 2031 435 2081 sunt
450 2030 483 2080 et
498 2018 679 2104 approbata
698 2030 846 2080 evertant
867 2029 899 2080 et
914 2016 1085 2106 religant¹.
1104 2043 1121 2078 u

471 2382 616 2447 CAPUT
640 2384 845 2449 DECIMUM
871 2383 1062 2446 SEX'l'UM.

241 2604 469 2656 CLlCETOVEUS,
493 2603 668 2643 DERELICTA
690 2604 780 2643 annal
801 2602 910 2657 SCOLA‚
932 2603 1069 2643 VETERES
1089 2602 1289 2643 THEOLOGIAE

525 2702 639 2742 scobes
661 2702 798 2745 Lnuuar.
821 2701 1010 2742 CONCLUSIO.

253 2903 360 2982 Quum
384 2899 630 2964 scolasticorum
661 2925 775 2964 rursus
804 2901 1033 2965 Traditionum
1064 2914 1265 2965 assertorem
1294 2926 1328 2965 se

210 3011 393 3086 praestaret
427 2997 650 3076 ClichtoveuS,
680 3023 746 3062 non
773 3010 823 3062 est
854 2999 973 3061 mirum
1008 2999 1035 3061 si
1064 2998 1327 3089 theologicarum

209 3097 307 3160 etiarn
336 3096 498 3159 scolarum
527 3097 567 3159 ab
602 3096 749 3160 Ecclesia
783 3097 1020 3173 institutarum,
1052 3095 1261 3160 defensorem
1294 3121 1328 3160 se

209 3194 411 3283 praebuerit.
430 3195 497 3258 Nec
515 3193 600 3272 illas,
624 3207 659 3257 ut
679 3195 770 3270 olim,
793 3194 1028 3257 reformatione
1050 3193 1168 3283 dignas
1189 3195 1329 3258 excessi·

208 3295 337 3381 busque
354 3293 468 3379 plenas
485 3292 626 3357 censuit.
651 3295 731 3371 lmo,
751 3294 895 3356 luthero
911 3305 987 3378 post
1003 3291 1180 3360 Wiclesum
1197 3292 1329 3356 easdem

208 3403 244 3455 ut
268 3390 402 3454 inutiles
433 3402 466 3454 et
493 3390 625 3454 nocivas
651 3389 876 3479 impugnanti,
912 3388 1108 3476 eloquenter
1139 3390 1172 3453 in
1203 3389 1329 3455 Antila-

208 3490 299 3553 tter-0
310 3487 321 3520 ³
332 3487 526 3575 respondit:
546 3515 561 3548 r
580 3488 677 3571 Quod
694 3513 760 3551 non
775 3487 879 3551 solum
897 3486 1014 3550 falsum
1032 3487 1075 3550 sit
1090 3500 1122 3551 et
1137 3512 1326 3568 erroneum,

207 3611 321 3651 verum
356 3586 454 3649 ctiam
491 3587 616 3651 Christi
650 3585 853 3673 reipublicae
891 3585 1069 3649 admodum
1102 3586 1339 3673 perniciosum

207 3685 475 3773 apostolicaeque
515 3684 785 3772 Sediinjurium
820 3696 851 3746 et
886 3683 1040 3771 antiquae
1076 3684 1329 3748 consuetudinis

207 3783 357 3871 apprime
389 3782 565 3846 laudabilis
589 3782 841 3857 inuervativum,
870 3793 985 3868 utpote
1016 3781 1098 3844 illud
1123 3781 1231 3867 ipsum
1264 3805 1329 3869 quo

207 3880 340 3969 publica
358 3880 540 3943 litterarum
559 3878 666 3944 studia
688 3893 720 3943 et
744 3879 892 3943 celebres
909 3879 1042 3942 damnat
1061 3879 1268 3957 Academias,
1287 3880 1329 3943 ad

209 4004 293 4068 quae
313 3977 535 4065 undequaque
560 3977 731 4041 confluunt
747 3976 982 4063 exprimendae
1003 3975 1200 4064 disciplinae
1222 3977 1329 4066 gratia

211 4077 364 4152 studiosi,
396 4089 551 4163 tanquam
580 4075 739 4138 malorum
770 4074 916 4139 omnium
941 4073 1104 4137 sentinam
1134 4099 1329 4163 morumque

211 4174 446 4261 corruptelam.
460 4200 476 4234 a
489 4175 586 4256 Quod
602 4172 737 4262 quidem
750 4172 927 4260 septuplici
944 4171 1040 4234 modo
1051 4172 1183 4259 probat,
1201 4173 1330 4237 scilicet

247 4444 271 4492 1.
292 4437 501 4499 ΑηίἱίιιιΙιονιιε,
517 4441 535 4490 l.
556 4441 586 4491 14
601 4459 637 4500 v.,
655 4444 696 4494 De
713 4446 834 4493 venerat.
853 4441 960 4498 Sanct..
975 4455 1030 4509 cap.
1048 4440 1080 4490 ’17
1096 4443 1179 4493 et18.

247 4514 271 4564 2.
293 4509 502 4569 Antilutlrerus,
520 4514 562 4564 15.

247 4585 274 4635 3.
294 4581 352 4636 Lib.
367 4582 400 4642 ll,
415 4600 469 4653 cap.
485 4584 518 4635 29
533 4589 558 4634 et
572 4584 616 4636 30.
