3074 5422
548 435 742 495 .-87-

101 592 163 656 que
180 567 320 660 fugiant,
335 568 450 632 doctos
467 569 656 656 quaeritent
672 570 1077 657 historiaequestudeant:
1092 572 1216 635 addant

96 666 191 730 etiarn
206 692 265 731 suo
282 691 385 758 regno
406 667 618 754 splendorem
635 667 835 731 liberalitate
856 692 912 731 sua
934 693 1012 759 erga
1033 693 1212 756 pauperes,

96 766 218 851 patriae
240 764 444 842 defensores,
468 766 649 853 principeS,
672 765 841 844 ecclesias,
866 767 1021 854 ipsosque
1043 792 1138 854 reges
1162 767 1215 831 ad·

98 887 207 940 venas,
226 863 406 926 dumnrodo
423 888 488 926 non
503 863 663 926 excedant
676 863 839 950 seriisque
856 865 1213 954 motivisimpellantur.

139 964 176 1025 ln
197 985 298 1049 opere
320 964 366 1024 lle
386 961 467 1024 bello
491 977 633 1049 0111000,
666 961 878 1026 Clichtoveus
903 988 1017 1026 0111005
1046 963 1215 1052 principes

96 1060 293 1124 christianos
309 1058 502 1147 alloquitur,
525 1084 664 1147 quorum
682 1060 809 1124 nullum
831 1060 968 1148 aggredi
988 1063 1215 1150 5010110100-

95 1170 245 1233 testatur,
260 1182 333 1221 curn
346 1182 412 1220 non
426 1157 480 1235 sit,
496 1172 531 1221 ut
542 1159 598 1235 ait,
614 1183 673 1220 nce
686 1158 833 1236 Italicus,
852 1183 911 1222 nec
926 1160 1140 1235 'fontaninus
1155 1185 1215 1224 000

96 1256 272 1342 llispanus,
299 1253 358 1317 sed
383 1255 604 1319 Christianus,
635 1256 873 1343 hppetcndam·
890 1281 1017 1343 pacem,
1044 1258 1214 1322 vitandum

95 1353 217 1417 bellum
243 1353 421 1440 praecipue
440 1353 527 1416 inter
557 1354 768 1428 christianos,
792 1354 980 1440 praedicat:
1004 1355 1126 1419 bellum
1151 1357 1215 1419 hoc

94 1452 180 1514 enim
203 1474 268 1514 non
283 1463 333 1514 est
348 1463 415 1514 tam
435 1451 531 1514 civile
552 1475 650 1539 qnam
667 1450 860 1527 fraternum,
878 1464 911 1515 et
926 1452 1024 1516 etiam
1041 1453 1144 1541 magis
1166 1466 1215 1516 051

92 1548 227 1613 crudele
249 1574 346 1637 quarn
363 1548 450 1637 apud
467 1574 615 1638 paganos
630 1549 801 1639 magisque
817 1550 965 1637 impium,
984 1575 1057 1614 eum
1076 1551 1143 1629 fiat,
1163 1576 1214 1614 00-

66 1648 288 1711 'mitantibus
309 1671 418 1722 cruce,
443 1647 571 1724 statuis,
597 1661 852 1734 sanctorumque
868 1648 986 1737 signis.
1008 1648 1112 1714 Valde
1131 1674 1212 1740 ergo

89 1759 171 1810 sunt
187 1745 341 1833 culpandi
363 1745 609 1833 praedicatores
627 1758 681 1809 aut
698 1746 879 1810 consiliarii
901 1747 957 1834 qui
972 1771 1068 1834 reges
1085 1747 1125 1810 ad
1144 1747 1212 1811 bel-

90 1844 161 1909 lum
178 1845 371 1907 hortantur:
394 1843 558 1930 quinimo
578 1842 671 1931 digni
692 1856 769 1907 sunt
788 1845 845 1931 qui
866 1844 982 1908 ordine
1003 1845 1110 1932 primo
1131 1846 1213 1932 obji-

90 1945 236 2007 ciantur.
251 1943 372 2006 Contra
386 1941 473 2004 solos
490 1944 613 2004 'l'urcas
626 1942 811 2032 legitimum
827 1968 899 2005 0550
913 1942 1049 2021 bellum,
1066 1945 1212 2007 Luthero

87 2040 306 2118 dissentiens,
332 2040 450 2103 asserit
478 2040 707 2103 Clichtoveus:
736 2065 818 2127 quos
841 2041 1035 2128 impugnare
1057 2054 1208 2106 sanctum

88 2153 154 2216 est,
173 2139 239 2201 imo
256 2138 491 2215 necessarium,
510 2162 582 2200 cum
600 2138 810 2227 Belgradem,
827 2138 989 2220 Rhodem,
1008 2140 1153 2227 captivas
1170 2139 1185 2202 s
1203 2177 1212 2186 ·

86 2237 200 2302 001101
226 2237 405 2323 Italiaeque
423 2239 489 2322 jam
516 2235 584 2298 sere
610 2237 815 2300 immineant.
842 2237 981 2301 licitum
1007 2263 1079 2302 0550
1101 2251 1211 2302 tamen

86 2335 282 2424 aliquandiu
307 2334 430 2398 bellum
457 2334 544 2396 inter
569 2334 777 2399 Christianos
806 2336 959 2399 concedit
984 2350 1059 2424 post
1086 2336 1211 2423 hugus-

84 2435 196 2498 tinum
211 2447 243 2497 et
256 2433 461 2520 Scripturam
479 2432 703 2510 ClichtoveuS,
722 2434 855 2521 quando
870 2434 996 2498 scilicet
1012 2435 1132 2498 adsunt
1148 2433 1211 2497 sus·

87 2533 216 2596 cientes
241 2532 399 2608 rationes,
423 2543 457 2594 ut
478 2530 601 2593 amicos
622 2531 821 2620 protegendi
841 2532 1098 2620 libertatemque
1118 2556 1210 2596 recu-

85 2629 242 2719 perandi,
266 2629 418 2716 injuriam
440 2628 670 2716 propulsandi,
689 2629 844 2707 schisma,
868 2630 1042 2706 haeresim,
1064 2630 1210 2719 tyranni·

89 2730 234 2816 demque
254 2728 457 2815 reprimendi
483 2728 675 2791 necessitas.
700 2729 750 2790 hn
776 2753 853 2792 vero
875 2729 1000 2792 licitum
1023 2728 1066 2791 sit
1085 2728 1210 2791 bcllum

88 2827 130 2890 ad
156 2825 319 2913 perditam
347 2826 552 2913 provinciam
580 2827 679 2889 armis
709 2826 969 2914 conquirendam
997 2826 1210 2891 Clichtoveus

88 2925 232 3001 dubitat,
255 2948 329 2987 cum
351 2923 473 2987 lurtum
500 2948 565 2987 non
594 2937 746 3011 repetere
771 2925 922 2989 consulat
944 2924 1109 3000 Christus,
1135 2948 1209 2987 curn

87 3021 314 3110 recuperanda
338 3023 507 3110 provincia
532 3046 630 3110 saepe
660 3023 815 3110 expensis
840 3023 920 3087 belli
944 3023 996 3086 vix
1022 3023 1065 3085 sit
1093 3022 1206 3112 digna.

87 3120 261 3208 Quidquid
276 3121 330 3197 sit,
348 3121 571 3208 legationibus
588 3121 680 3207 prius
700 3120 848 3209 pacificis
864 3120 1022 3185 utendum
1039 3133 1101 3197 est,
1125 3122 1209 3183 Deo·

86 3243 150 3306 quc
175 3218 251 3305 ipsi,
284 3219 339 3306 qui
365 3219 516 3282 nationes
541 3219 630 3282 bello
653 3244 750 3307 saepe
776 3220 927 3308 castigat,
956 3218 1205 3283 recurrendum.

87 3316 302 3381 Perorationc
323 3317 455 3380 tandem
477 3318 642 3405 pathetica
664 3330 769 3382 toturn
798 3317 922 3381 claudit
948 3341 1031 3404 opus
1059 3317 1209 3381 Clichto-

85 3439 176 3478 10115.
203 3415 344 3478 Pulchra
368 3415 501 3502 quidem
527 3428 577 3478 est
604 3429 636 3479 ct
658 3417 779 3479 rationi
810 3415 955 3502 fideique
987 3427 1208 3478 consentanca

86 3537 185 3600 quam
202 3515 320 3599 probat
337 3513 548 3577 Clichtoveus
569 3514 703 3601 politica
726 3515 821 3590 ratio,
846 3513 903 3576 scd
920 3513 1076 3577 humilior
1097 3512 1207 3575 forsan

88 3623 120 3673 ct
144 3610 338 3685 modestior,
360 3613 401 3674 ab
424 3611 476 3674 illa
499 3611 598 3700 longe
621 3612 734 3700 dispar
759 3637 856 3699 quam
873 3610 1120 3687 blachiavellus,
1145 3612 1208 3672 liu-

89 3708 222 3772 dovicus
242 3711 284 3773 Xl
306 3710 425 3795 etipse
448 3711 644 3774 Franciscus
662 3713 686 3787 l,
709 3711 742 3773 in
760 3709 899 3801 agendis
919 3708 1179 3772 aemulabantur.

422 4020 565 4085 CAPUT
590 4021 870 4086 UNDEClhlUM.

137 4223 295 4274 0111111150
321 4225 885 4267 0000101005110111011055015115
908 4225 1147 4265 ranricunanns

580 4302 725 4365 solvar?

136 4496 218 4558 Curn
232 4498 304 4580 jura
324 4520 381 4558 sua
402 4497 537 4583 populo,
563 4497 664 4575 01010,
689 4498 857 4562 nobilibus
879 4498 1081 4586 regibusque
1098 4499 1206 4563 Clich-

94 4599 205 4656 toveus
222 4592 373 4669 dictaret,
392 4618 456 4656 non
480 4596 597 4657 mirum
618 4609 680 4672 est,
700 4596 725 4658 si
749 4596 843 4659 multi
860 4595 900 4658 dc
918 4596 1049 4660 casilms
1069 4596 1209 4660 diversis
