3074 5422
676 426 856 488 -108-

204 562 399 628 auctoritate
415 561 651 640 Conciliorum,
665 561 941 625 omniumartium
950 562 1055 649 praxi,
1074 561 1152 626 fidei
1168 563 1324 639 utilitate,

204 661 408 725 hierarchica
430 660 589 724 eeclesiae
606 659 854 734 constitutione,
879 660 1036 723 scientiae
1053 660 1327 749 studentiumqne

205 759 390 838 commodo,
409 758 572 822 scolarum
589 758 735 845 ipsarum
750 757 946 845 antiquitate
960 771 993 822 et
1013 758 1188 822 fructibus.
1207 786 1224 820 a
1243 759 1328 842 Quis

205 857 291 921 enim
315 869 406 920 certo
436 880 574 920 numero
602 856 761 943 consequi
788 867 887 943 queat
913 868 968 919 aut
999 857 1100 919 verbo
1134 856 1325 944 complecti,

205 968 287 1043 quot
306 979 346 1019 ex
366 955 432 1018 illis
452 955 513 1017 viri
534 953 797 1044 castigatissimis
818 953 949 1017 formati
971 954 1119 1018 moribus
1138 955 1328 1043 virtuteque

205 1052 480 1141 praestantissimi
497 1051 652 1138 prodiere
669 1051 682 1114 ?
698 1051 762 1134 Qui
782 1065 896 1139 postea
912 1052 1015 1115 totius
1033 1052 1238 1139 reipublicae
1253 1076 1328 1117 cum

206 1151 312 1215 civilis
342 1164 411 1214 tum
442 1149 685 1214 ecclesiasticae
710 1150 934 1240 gubernacula
960 1149 1101 1213 feliciter
1126 1151 1329 1240 gesserunt?

206 1253 295 1332 Quot
315 1249 393 1312 item
418 1249 480 1312 viri
505 1249 655 1312 doctrina
681 1246 949 1311 excellentissimi
971 1260 1003 1311 et
1028 1248 1061 1311 in
1086 1248 1175 1311 omni
1202 1273 1329 1339 genere

205 1346 401 1435 disciplinae
431 1344 698 1410 exercitatissimi
727 1369 767 1408 ex
797 1345 896 1409 scolis
923 1345 989 1408 illis
1013 1345 1229 1432 processere!
1263 1346 1330 1429 Qui

204 1445 293 1509 velut
313 1445 399 1508 clara
425 1444 509 1507 coeli
535 1442 710 1507 luminaria
731 1456 838 1507 totum
863 1442 984 1507 deinde
1008 1444 1167 1508 mundum
1193 1469 1329 1508 suarum

205 1543 393 1607 litterarum
410 1543 531 1606 eximio
552 1541 730 1629 splendore
748 1542 994 1606 monstrarunt!

249 1641 335 1704 Dein
353 1640 476 1704 refellit
489 1640 626 1704 Lutheri
643 1639 864 1726 objectiones,
881 1638 1090 1726 respondens
1104 1639 1329 1727 corruptelam

207 1762 334 1802 morum
345 1738 542 1827 plerumque
555 1761 620 1800 non
632 1737 783 1801 contrahi
797 1737 830 1800 in
842 1736 1030 1800 Academiis
1042 1737 1099 1801 sed
1112 1737 1145 1800 in
1157 1737 1203 1801 eis
1214 1736 1329 1801 afferri

207 1861 247 1900 ex
271 1861 368 1923 prava
403 1835 599 1899 educatione
626 1834 888 1921 praecedente...
922 1862 937 1895 u
971 1836 1186 1922 Quacumque
1214 1848 1329 1899 tamen

207 1959 246 1998 ex
262 1959 358 1998 causa
379 1934 562 1998 reddantur
578 1932 809 1997 adolescentes
826 1932 860 1994 in
885 1933 984 1996 scolis
1000 1932 1145 2019 publicis
1160 1934 1329 2021 corrupti1

207 2032 355 2095 moribus
376 2044 409 2095 et
429 2031 581 2106 discholi,
612 2030 772 2118 numquid
798 2031 879 2094 haec
902 2030 1046 2117 perditio
1074 2044 1107 2094 et
1133 2031 1328 2119 depravatio

207 2153 321 2194 eorum
337 2128 525 2193 Academiis
547 2140 596 2191 est
612 2127 831 2192 ascribenda?
850 2152 933 2216 quae
955 2141 987 2191 et
1007 2127 1145 2191 ferulam
1166 2129 1328 2192 adhibent

207 2227 471 2316 disciplinaeque
491 2227 698 2290 severitatem
720 2226 759 2288 iis
777 2226 845 2312 (qui
866 2228 927 2289 sub
945 2226 1147 2314 paedagogis
1171 2226 1327 2316 militant)

207 2325 403 2402 scolasticis,
428 2337 460 2388 et
481 2337 655 2411 praecepta
681 2348 807 2387 morum
832 2336 989 2411 rectaque
1009 2325 1094 2387 vitae
1116 2325 1269 2388 instituta
1290 2349 1328 2389 ex

206 2422 439 2511 philosophiae
466 2421 611 2499 moraliS,
633 2421 717 2508 juris
742 2421 904 2509 pontificii
930 2434 1028 2509 atque
1056 2422 1174 2500 civilis,
1197 2446 1327 2486 necnon

207 2546 246 2585 ex
267 2524 442 2586 Sacrarum
458 2521 656 2584 Litterarum
678 2518 825 2584 fontibus
842 2519 969 2599 hausta,
993 2520 1142 2608 quotidie
1159 2521 1328 2585 inculcant

207 2620 342 2684 auribus
374 2618 614 2706 discipulorum
642 2643 801 2683 suorum..
832 2618 929 2699 Quod
959 2617 1146 2683 secundo...
1182 2620 1329 2707 objectat

207 2719 373 2782 Lutherus
403 2716 606 2780 damnandas
628 2716 755 2780 scilicet
780 2740 852 2779 esse
879 2716 1088 2795 Academias,
1113 2717 1271 2805 quoniam
1295 2717 1328 2781 in

207 2815 248 2878 iis
274 2815 470 2879 imbuuntur
501 2813 729 2878 adolescentes
759 2813 1014 2901 philosophicis,
1050 2815 1244 2905 gentilibus,
1271 2816 1328 2880 hu·

208 2913 323 2991 maniS,
347 2912 458 3000 impiis
479 2925 511 2976 et
540 2911 710 3001 sacrilegis
736 2911 962 2999 opinionibus,
990 2912 1127 2976 omnino
1150 2937 1167 2976 a
1190 2912 1329 2976 veritate

208 3023 258 3074 cst
271 3011 427 3084 alienum,
451 3008 615 3097 siquidem
637 3009 720 3073 nihil
742 3009 774 3072 in
791 3008 857 3072 illis
878 3009 1020 3074 traditur
1036 3009 1224 3097 disciplinis
1244 3034 1328 3098 quae

208 3109 338 3196 publica
368 3107 576 3194 professione
607 3106 774 3195 leguntur,
806 3107 896 3194 quod
922 3108 964 3170 sit
998 3121 1112 3171 contra
1145 3107 1244 3171 fidem
1275 3121 1330 3172 aut

208 3208 313 3270 bonos
330 3229 478 3268 mores...
499 3205 596 3285 Quod
617 3218 725 3269 autem
744 3204 798 3267 illa
815 3228 899 3292 quae
921 3205 954 3268 in
970 3205 1157 3269 Academiis
1173 3206 1330 3294 leguntur

208 3305 404 3391 plerumque
421 3302 594 3393 gentilium
612 3303 787 3365 authorum
804 3303 870 3365 sint
886 3303 987 3381 dicta,
1010 3328 1076 3366 non
1097 3304 1197 3367 debet
1212 3327 1329 3391 quem-

208 3426 306 3490 quam
327 3401 496 3464 deterrere
512 3401 552 3463 ab
569 3424 683 3463 eorum
704 3400 847 3463 lectione
864 3412 919 3464 aut
935 3399 1058 3480 studio,
1081 3401 1178 3465 modo
1198 3401 1330 3464 veritati

246 3604 269 3651 l.
291 3600 321 3650 ln
341 3598 466 3652 Sermone
485 3601 514 3649 2⁰
538 3598 700 3649 pentecostes
722 3596 886 3649 Cliehtoveus
907 3597 1015 3648 scolares
1038 3596 1163 3666 quosdam
1180 3596 1328 3666 vituperat:

211 3692 224 3721 ι(
293 3670 338 3740 qui
353 3670 502 3721 fabulantur
515 3669 542 3719 in
562 3669 650 3720 divino
665 3669 751 3720 officio
765 3669 792 3719 in
810 3669 922 3720 choro...
938 3669 982 3738 qui
999 3668 1076 3720 etiam
1092 3667 1163 3719 tarde
1177 3668 1286 3719 veniunt
1299 3668 1332 3719 ad

209 3742 258 3793 Dei
273 3742 405 3793 servitium
419 3748 464 3793 aut
475 3748 534 3791 ante
548 3741 628 3792 finem
648 3741 680 3791 ab
700 3759 730 3791 eo
745 3740 868 3791 recedunt
886 3741 962 3808 longe
976 3739 1151 3808 diligentiores
1167 3739 1200 3790 ad
1214 3757 1331 3790 mensam

208 3821 253 3864 aut
271 3814 303 3864 ad
320 3812 444 3864 ludum...
462 3812 613 3863 Excutiatur
627 3812 673 3863 iste
689 3819 777 3881 torpor
792 3810 994 3862 consideratione
1009 3811 1174 3882 propriorum
1193 3817 1331 3879 parentum

209 3885 254 3954 qui
267 3884 354 3954 vigiles
369 3884 486 3935 laborant
499 3883 603 3953 quande
617 3883 740 3934 scolastici
754 3882 920 3933 dormiunt...
932 3903 936 3933 :
954 3882 999 3952 qui
1017 3882 1085 3933 ultra
1099 3882 1275 3933 necessitatem
1291 3883 1303 3932 l
1317 3912 1330 3920 -

209 3957 281 4007 ciunt
295 3974 434 4014 excessum,
450 3962 494 4006 aut
511 3955 538 4005 in
552 3955 658 4005 cameris
673 3954 846 4013 comessando,
860 3961 905 4004 aut
919 3953 945 4004 in
959 3954 1088 4024 cauponis,
1105 3953 1185 4003 dediti
1205 3952 1331 4004 immode-

210 4027 303 4079 rationi
317 4027 367 4078 eibi
381 4035 406 4078 et
421 4033 504 4096 potus,
517 4044 629 4095 quorum
644 4033 761 4096 parentes
775 4033 864 4094 potant
877 4043 969 4094 aquam
982 4033 1007 4076 et
1021 4025 1069 4094 ipsi
1083 4024 1245 4075 inebriantur
1260 4025 1330 4075 vino.

209 4098 297 4168 Neque
309 4098 470 4149 considerant
484 4097 552 4166 quod
570 4115 663 4166 panem
682 4115 712 4147 ex
727 4096 819 4147 sudore
835 4103 971 4166 parentum
993 4097 1137 4147 confectum
1157 4095 1329 4146 manducant.

227 4190 287 4221 uem
309 4170 328 4220 si
349 4176 505 4239 premerent,
527 4168 646 4220 sudorem
667 4168 771 4218 illorum
790 4175 926 4237 parentum
942 4187 972 4218 ex
993 4186 1023 4219 eo
1045 4169 1158 4218 facerent
1174 4166 1330 4220 distillare...

210 4190 308 4293 flcntra
324 4260 384 4292 vero
399 4241 496 4291 faciunt
509 4239 653 4291 scholastici
667 4240 712 4308 qui
725 4240 804 4290 socios
817 4258 876 4289 suos
890 4239 1066 4307 ignominiosis
1081 4237 1230 4289 nominibus
1244 4245 1333 4290 taxant

211 4332 275 4382 quae
292 4312 370 4364 semel
392 4311 511 4380 imposita
529 4318 653 4381 perpetuo
668 4317 773 4361 manent
792 4318 817 4361 et
835 4310 957 4380 praebent
978 4309 1099 4360 omnibus
1120 4310 1255 4361 materiam
1274 4309 1332 4360 irri-

211 4384 321 4435 dendi...
339 4384 384 4452 qui
397 4383 533 4433 schismata
545 4382 613 4433 inter
628 4400 653 4432 sc
668 4382 790 4432 suscitant
802 4388 907 4451 propter
923 4382 1051 4432 minutula
1061 4379 1215 4432 vocabula...
1226 4376 1331 4432 conten·

212 4455 300 4507 dentes
314 4473 347 4505 an
359 4453 497 4505 dicendum
517 4454 549 4505 sit
564 4471 664 4504 camera
678 4471 711 4504 an
725 4453 882 4511 cubiculum,
899 4471 959 4505 cum
979 4460 1039 4504 sunt
1053 4471 1158 4522 prorsus
1172 4451 1277 4511 eadem;
1299 4469 1332 4502 an

212 4527 305 4584 classis,
322 4545 355 4577 an
370 4525 472 4594 regula,
487 4543 519 4576 an
534 4525 626 4576 coniux
642 4532 686 4576 aut
700 4525 821 4584 coniunx,
836 4543 869 4575 an
882 4525 961 4575 miehi
977 4525 1016 4575 vel
1028 4524 1127 4574 mihi...
1146 4544 1171 4576 u.
1188 4523 1228 4574 De
1243 4523 1333 4575 scolas·

214 4598 268 4650 ticis
283 4597 340 4648 vide
353 4597 505 4653 Sermonem
524 4599 575 4647 2⁰³¹
587 4596 618 4647 dc
633 4595 664 4650 S⁰
679 4595 820 4657 Bernardo,
835 4615 861 4666 p.
879 4598 939 4651 382.
