3074 5422
666 398 862 458 -nm-

199 534 232 586 V.
250 535 285 587 Η.
307 536 352 593 91,
370 535 414 589 93.
434 535 478 585 91.
495 531 591 596 Paris„
608 530 681 582 Hier.
695 539 721 583 et
732 530 800 583 Den.
814 531 847 584 de
861 531 965 583 ‚ttamet
971 541 996 582 et
1010 530 1111 582 Jurien.
1172 535 1238 585 1548

236 646 272 655 -
309 616 353 667 95.
376 612 471 669 Paris..
488 612 563 664 loun.
577 611 610 664 de
624 611 927 682 Roigny.-Poncetus
942 613 964 664 lc
978 611 1072 663 Prem.
1172 617 1240 668 1556

236 806 272 816 -
306 697 355 828 gli.
382 773 560 825 venetiarum.
576 772 673 843 Hymni
687 780 713 824 el
725 772 827 826 Prosae.
1170 697 1238 827 liii

244 942 307 1023 w
332 943 373 997 α’
387 940 497 1001 Oratio
513 939 553 1000 de
572 940 670 1021 {restis
691 948 788 1023 atque
809 939 980 1000 uirtutibus
998 941 1066 1001 dici
1087 941 1239 1001 Ludooici

206 1041 294 1123 reqis
311 1040 507 1099 Francorum
526 1037 628 1121 deque
653 1038 849 1098 Parisiorum
867 1039 967 1119 paulo
988 1039 1086 1099 altius
1105 1040 1237 1121 repetita

203 1138 343 1220 oriqine,
365 1158 537 1219 eorumque
560 1135 721 1209 laudibus,
744 1135 852 1196 habita
875 1136 957 1217 [esto
970 1136 1021 1197 die
1037 1138 1137 1218 ipsius
1153 1137 1240 1198 beati

206 1235 358 1297 Lodooici
371 1235 402 1294 in
417 1233 493 1295 aede
508 1234 658 1294 Fratrum
679 1234 836 1294 Minorum
856 1234 1008 1311 Pictaois,
1024 1234 1144 1296 celebri
1156 1237 1241 1317 ejus-

205 1335 277 1395 dem
292 1331 381 1393 urtica
401 1342 505 1393 coacto
528 1331 658 1393 litterali
673 1333 853 1414 qymnasio.
877 1358 891 1387 s
908 1367 950 1379 -
969 1336 1018 1392 An
1040 1334 1240 1393 Clichtovei?

206 1433 238 1511 (f.
255 1433 313 1492 253
328 1433 385 1512 v⁰).
403 1431 494 1490 Liber
511 1430 685 1491 Clichtovei
698 1430 736 1489 de
752 1430 909 1490 Laudibus
927 1431 959 1494 S.
972 1431 1123 1491 Ludovici
1137 1431 1241 1492 editus

207 1538 254 1590 est
274 1535 308 1588 lo
320 1529 386 1610 jan.
408 1531 493 1589 1517.

1024 1609 1126 1682 scripu
1139 1613 1172 1664 aa
1186 1612 1248 1663 maii
1262 1614 1332 1665 asro

246 1780 308 1861 w
332 1769 667 1860 *Semiestemporalis
694 1799 731 1838 ac
756 1799 860 1860 prope
881 1777 1087 1839 tumultuaria
1114 1779 1153 1840 de
1178 1780 1241 1840 uita

209 1876 446 1961 virtutibusque
461 1875 528 1936 divi
543 1874 692 1936 Lodouici
712 1877 908 1936 Francorum
927 1876 1015 1957 reqis
1031 1877 1241 1953 oratiuncula,

203 1975 416 2058 pronunciata
437 1974 553 2037 Octauo
570 1973 644 2034 Kal.
662 1973 751 2056 Sept.
768 1974 802 2033 in
816 1973 892 2034 aede
914 1973 953 2034 P.
977 1974 1153 2051 Francisci‚
1172 1976 1243 2035 Pic-

210 2075 334 2137 tauis.»
356 2072 821 2153 -Anclichtovei?(f.·258).
1028 2153 1115 2206 Sc‘t
1142 2158 1174 2208 28
1232 2156 1334 2209 ”15¹6

1062 2167 1148 2225 rip.·
1186 2174 1248 2206 mau

149 2362 160 2381 ,
250 2315 312 2396 w
328 2341 342 2370 «
359 2313 548 2375 Testimonia
559 2312 746 2394 Scripturas
757 2312 874 2374 Sacrae
884 2312 970 2398 quod
978 2313 1145 2375 electiones
1149 2336 1244 2396 prae-

211 2414 348 2474 latorum
363 2419 436 2472 sunt
453 2410 581 2492 dejure
602 2410 721 2471 diuino.
741 2437 755 2466 »
775 2448 814 2456 —
835 2413 890 2471 Est
907 2411 1036 2492 epistola
1056 2411 1094 2472 ad
1111 2412 1150 2472 R.
1168 2413 1244 2472 For-

209 2518 352 2572 tunatum
364 2517 472 2571 contra
484 2508 716 2569 Concordatum
726 2509 808 2570 inter
820 2531 924 2589 regem
936 2518 968 2570 et
980 2509 1163 2570 Pontificem
1174 2533 1244 2570 san-

210 2617 307 2671 crtum
326 2608 361 2688 (t.
379 2608 461 2685 260).
1043 2689 1137 2760 strips.
1155 2693 1171 2742 2
1186 2697 1250 2760 seps.
1266 2692 1337 2744 1516

253 2851 314 2930 w
337 2847 529 2910 «Nonnulla
552 2859 701 2930 excerpta
720 2869 759 2909 ea
784 2848 856 2910 Vita
875 2848 911 2911 S.
934 2849 1025 2910 Petri
1041 2848 1211 2911 Coelestini
1221 2875 1247 2906 ·»

213 2947 453 3027 (scota-(A
468 2946 563 3007 Petro
581 2946 772 3027 Alliacensi).
1004 3027 1090 3082 Scrit
1136 3030 1152 3080 4
1197 3026 1244 3080 tob
1269 3031 1338 3082 ¹516

1061 3048 1121 3099 PUS
1166 3047 1196 3080 00
1248 3070 1252 3079 .

254 3188 315 3267 w
339 3211 353 3243 «
370 3184 547 3267 *Apoloqia
562 3192 658 3269 atque
666 3185 809 3266 defensio
826 3185 1057 3269 reprobationis
1068 3186 1155 3247 illius
1166 3187 1249 3247 etau-

213 3283 323 3344 sulae:
342 3283 594 3346 Onecessarium
610 3282 702 3345 Adae
713 3292 892 3366 peccatum,
914 3283 1000 3368 quod
1015 3285 1137 3346 Christi
1151 3292 1249 3345 morte

213 3382 350 3444 deletum
366 3390 428 3443 est:
448 3382 474 3442 Ο
486 3380 568 3462 [eliso
583 3382 690 3463 culpa.
704 3431 730 3445 ..
748 3381 779 3442 in
792 3381 1009 3443 Elucidatorio
1022 3383 1138 3464 sactae,
1151 3405 1247 3466 quam

215 3488 318 3541 tamen
333 3478 477 3539 nonnulli
493 3478 645 3540 damnant
662 3488 691 3540 et
703 3489 847 3561 carpunt.
860 3505 873 3535 r
886 3517 925 3526 -
941 3481 975 3539 ln
989 3482 1049 3540 fine
1063 3480 1129 3541 folii
1142 3481 1244 3562 primi,

215 3600 247 3638 se
262 3584 429 3638 retractat:
448 3604 462 3633 «
480 3579 565 3638 Haec
580 3576 723 3658 apologia
737 3586 783 3638 est
798 3579 964 3660 rejicienda
976 3587 1006 3640 et
1017 3579 1220 3660 improbanda
1232 3604 1247 3634 »

360 3684 372 3711 o

215 3677 249 3757 (l.
267 3679 324 3736 262
338 3697 358 3733 v
374 3676 395 3756 l
1048 3758 1142 3829 Script.
1160 3761 1176 3811 5
1191 3777 1251 3810 nov.
1271 3761 1339 3814 1516

256 3917 317 3996 w
339 3941 354 3971 «
374 3915 520 3989 Quaestio
536 3915 703 3996 cujusdam
718 3916 861 3977 authoris
875 3917 1016 3999 probare
1034 3917 1198 3979 intendens
1209 3919 1248 3977 B.

222 4014 258 4074 V.
274 4035 334 4074 non
351 4013 489 4074 doluisse
507 4039 520 4069 a
538 4015 609 4095 (264
629 4015 686 4095 νο).
708 4050 746 4060 -
767 4016 953 4076 Dissertatio
973 4017 1123 4097 quaedam
1142 4023 1250 4076 contra

216 4112 461 4192 compassionem
477 4112 514 4171 B.
533 4111 576 4171 M.
595 4113 634 4170 V.
649 4133 665 4171 a
679 4112 813 4193 Georqio
834 4112 909 4174 Cive
925 4116 1026 4188 missa,
1048 4118 1082 4173 12
1091 4115 1161 4195 julii
1174 4116 1250 4175 1516

217 4218 247 4269 et
260 4210 310 4270 hic
324 4209 521 4290 transcripta.

1087 4297 1120 4346 16
1132 4293 1253 4344 novemb.
1270 4295 1340 4349 1516

256 4449 327 4510 dac.
338 4447 439 4509 Fabri
456 4447 655 4530 Stapulensis
671 4449 703 4510 in
713 4450 850 4512 Politice
860 4452 1042 4514 Aristotelis
1053 4452 1249 4514 Introductio

220 4546 395 4608 Cliclttooei
409 4547 630 4607 commentario
645 4546 820 4611 declarata.
834 4597 860 4613 ..
882 4585 920 4596 -
938 4551 1035 4631 Epist.
1059 4551 1249 4611 dedicatoria
