3074 5422
790 426 969 488 -106-

317 561 415 626 beato
435 563 496 627 Job
522 561 593 649 ipse
619 586 669 625 me
696 561 905 649 reprehendo
926 575 958 625 et
982 586 1043 649 ago
1068 562 1317 648 poenitentiam.
1345 564 1440 628 Faxit

317 662 407 724 Deus
421 674 456 724 ut
471 660 623 724 salutaris
640 660 682 723 sit
692 661 773 724 haec
786 684 855 722 mea
868 659 1074 747 poenitentia
1091 672 1123 722 et
1140 658 1253 724 efficax
1267 660 1439 751 oculisque

317 783 394 824 suae
408 759 539 823 divinae
556 757 735 846 majestatis
747 770 892 845 accepta.
914 784 929 817 n
945 759 1082 823 Secreto
1098 783 1213 823 rursus
1225 758 1438 825 Clichtoveus

318 858 351 921 in
372 857 519 945 margine
547 855 680 921 Codicis
702 880 766 944 quo
793 856 932 943 primam
959 880 1050 919 suam
1076 855 1274 947 Apologiam
1296 859 1439 946 rescrip-

318 969 417 1035 serat,
441 957 526 1020 hanc
550 979 615 1019 non
640 955 747 1018 minus
774 953 961 1040 explicitam
984 954 1251 1018 retractationem
1274 955 1436 1020 inseruit:

320 1081 336 1117 a
359 1058 446 1118 Haec
467 1053 628 1142 Apologia
651 1065 700 1116 est
720 1052 901 1140 rejicienda
918 1065 950 1115 et
971 1051 1202 1139 improbanda,
1225 1054 1441 1142 rationesque

318 1153 545 1239 improbantes
565 1151 729 1242 geminam
746 1150 834 1214 illam
855 1150 1052 1214 sententiam
1078 1163 1154 1214 sunt
1174 1151 1438 1239 amplectendae,

318 1265 351 1316 et
375 1274 487 1315 earum
508 1248 690 1314 solutiones
710 1249 764 1312 hic
784 1249 912 1336 positae
938 1261 1014 1312 sunt
1039 1248 1256 1326 damnandae,
1281 1250 1441 1338 quoniam

319 1349 469 1413 standum
486 1361 537 1412 est
556 1372 686 1435 semper
703 1347 831 1435 judicio
847 1347 952 1435 ipsius
968 1347 1139 1425 ecclesiae,
1158 1372 1243 1436 quae
1260 1347 1333 1412 illas
1349 1348 1441 1413 clau-

320 1448 407 1511 sulas
423 1447 549 1534 recepit
564 1448 598 1510 in
615 1470 686 1510 usu.
714 1472 730 1506 n

364 1548 551 1622 Caeterum,
569 1557 726 1632 tanquam
742 1544 977 1607 inconcussum
996 1544 1097 1607 habet
1109 1543 1311 1631 principium
1329 1544 1442 1608 Clich-

318 1655 433 1706 toveus
445 1641 627 1706 Ecclesiam
645 1666 775 1729 semper
786 1665 897 1705 verum
915 1643 1104 1728 bonumque
1123 1665 1256 1705 sensum
1268 1643 1301 1705 in
1314 1643 1384 1706 suis
1400 1642 1440 1706 li-

318 1740 458 1830 turgicis
467 1740 622 1828 precibus
632 1764 773 1804 servare.
789 1740 845 1802 Sic
854 1739 1026 1803 contendit
1039 1739 1315 1826 Ecclesiamjuste
1327 1739 1440 1804 dicere

319 1840 359 1903 de
383 1842 420 1903 B.
444 1842 480 1904 V.
511 1840 613 1902 Maria
643 1837 753 1925 quod:
776 1847 896 1900 meruit
914 1853 1051 1926 portare
1071 1838 1275 1903 Salomonem
1296 1839 1440 1928 (Regina

320 1936 435 2020 Coeli),
454 1941 499 2001 sit
513 1952 627 2023 speret
644 1941 707 2000 vita
723 1935 829 2021 (Salve
849 1936 1001 2026 Regina),
1020 1941 1115 2000 mites
1125 1938 1211 2024 facit
1226 1951 1255 1999 et
1271 1953 1380 2001 costos·
1395 1939 1438 2024 (in

318 2036 386 2099 Ave
401 2034 502 2097 Maris
521 2033 647 2119 Stella),
672 2037 909 2122 Erasmumque
930 2046 1024 2120 putat
1044 2034 1162 2098 merito
1182 2034 1439 2099 condemnatum

320 2134 383 2218 (an.
408 2133 503 2218 1523)
524 2131 598 2220 quia
614 2132 673 2195 has
694 2131 878 2196 locutiones
898 2132 1081 2218 rejiciebat.
1106 2160 1122 2194 «
1143 2133 1437 2222 Quotiescumque,

319 2230 438 2307 aiebat,
458 2230 640 2293 consimilis
662 2229 785 2293 formae
802 2242 833 2292 et
848 2230 980 2317 generis
997 2230 1257 2318 supplicationes
1273 2231 1314 2294 ad
1336 2235 1439 2296 Sanc·

318 2341 371 2392 tos
387 2328 488 2418 longo
508 2352 569 2392 usu
586 2328 787 2416 approbatae
804 2328 901 2391 nobis
917 2342 1108 2404 occurrunt,
1126 2353 1191 2392 non
1208 2329 1363 2417 protinus
1378 2330 1438 2394 im·

319 2425 510 2514 probandae
537 2439 613 2489 sunt
643 2438 698 2490 aut
722 2425 939 2501 damnandae,
969 2426 1027 2490 sed
1053 2426 1093 2489 ad
1120 2427 1212 2514 pium
1237 2427 1382 2515 aliquem
1408 2440 1439 2493 et

320 2548 434 2588 sanum
455 2524 661 2588 intellectum
682 2537 872 2588 reverenter
893 2523 1106 2588 adducendae
1120 2524 1140 2588 ¹.
1160 2525 1252 2588 Idem
1274 2525 1439 2589 sentiebat

320 2622 360 2686 de
381 2621 531 2686 formulis
551 2622 737 2710 ritibusque
758 2622 890 2700 Missae,
909 2627 946 2686 ut'
965 2621 1005 2685 de
1026 2621 1099 2686 aliis
1121 2623 1237 2687 usibus
1257 2623 1436 2713 liturgicis,

320 2745 349 2784 v.
365 2745 397 2810 g.
416 2719 457 2783 de
477 2720 701 2784 oblationibus
722 2731 922 2796 sanctorum,
946 2719 986 2783 de
1003 2720 1107 2784 cereis
1124 2744 1234 2784 coram
1252 2721 1369 2785 statuis
1385 2746 1438 2785 ac-

320 2818 441 2898 censis,
465 2842 568 2906 eaque
588 2817 699 2881 omnia
720 2817 915 2904 eloquenter
934 2819 1180 2908 propugnabat.

365 2916 512 2980 Caeteris
535 2915 833 2980 consuetudinibus
861 2915 1108 2993 ecclesiasticis,
1132 2939 1213 3004 quas
1231 2916 1310 2980 olim
1336 2917 1439 3007 negli-

320 3016 431 3105 gebat,
459 3038 524 3077 non
551 3013 751 3078 mediocrem
777 3013 946 3077 tribuebat
973 3014 1222 3078 auctoritatem:
1256 3041 1272 3076 a
1299 3017 1440 3104 Magnae

321 3112 526 3176 auctoritatis
546 3136 583 3175 ac
599 3110 761 3175 efficaciae
783 3110 823 3173 ad
844 3110 1058 3202 obligandum
1075 3125 1137 3191 cst,
1160 3113 1280 3189 aiebat,
1299 3137 1440 3176 consue-

320 3209 401 3274 tudo
428 3209 648 3274 ecclesiastica
680 3221 711 3272 et
737 3233 813 3272 usus
834 3209 937 3272 multo
957 3222 1107 3297 tempore
1128 3211 1332 3276 observatus.
1356 3212 1440 3274 Cum

321 3308 408 3371 enim
443 3332 605 3371 annexum
640 3307 704 3370 sibi
731 3308 851 3370 habeat
883 3332 922 3370 ex
951 3307 1168 3372 diuturnitate
1198 3308 1440 3372 observationis

322 3405 490 3493 publicum
520 3405 633 3494 populi
656 3406 758 3469 totius
785 3429 997 3484 consensum,
1030 3406 1176 3497 vigorem
1205 3431 1241 3469 ac
1263 3406 1327 3469 vim
1355 3406 1441 3496 legis

322 3504 472 3567 obtinere
502 3503 713 3567 laudabiliter
738 3503 884 3566 creditur
919 3530 949 3567 ».
988 3507 1028 3568 Et
1058 3505 1142 3568 hanc
1170 3504 1368 3568 sententiam
1402 3529 1441 3568 ex

321 3601 520 3690 AugustinO,
540 3600 754 3689 Hieronymo,
773 3613 805 3664 et
826 3603 972 3665 Honorio
989 3603 1049 3665 lll⁰
1070 3602 1286 3666 confirmabat
1297 3600 1317 3665 ².

369 3698 531 3764 Similiter
542 3723 576 3762 se
592 3700 736 3763 habebat
749 3698 960 3763 Clichtoveus
981 3725 1059 3791 erga
1072 3700 1228 3788 reliquias
1245 3699 1441 3789 diversaque

323 3799 363 3862 ad
381 3800 520 3862 Sanetos
536 3797 721 3860 attinentia.
740 3797 911 3884 Reliquias
927 3798 1025 3861 etiam
1042 3798 1112 3861 solo
1124 3798 1314 3862 testimonio
1331 3798 1442 3862 Eccle-

323 3895 444 3959 siarum
464 3893 534 3958 vult
558 3895 735 3958 honorari:
760 3895 943 3977 «Quodsi
968 3896 1042 3982 quis
1070 3897 1103 3959 in
1127 3894 1263 3960 dubium
1287 3921 1442 3961 revocare

323 4006 441 4084 pergat
453 3992 766 4056 sintncsacraeillae
778 3993 1444 4082 exuviaeacreliquiaeS.DionysiiAreo-

323 4093 465 4183 pagitae,
485 4103 520 4154 ut
536 4090 702 4170 dicuntur,
722 4116 761 4154 an
778 4091 917 4154 ulterius
938 4092 1122 4179 cujuspiam
1148 4091 1312 4181 Dionysii,
1330 4093 1442 4180 potius

322 4191 365 4253 ob
398 4202 524 4252 tantam
559 4188 763 4276 impietatem
790 4213 895 4276 poena
930 4189 1137 4253 mulctandus
1167 4203 1275 4254 estet
1302 4189 1441 4254 vinculis

358 4459 382 4507 1.
404 4458 445 4508 De
461 4455 638 4508 veneratione
654 4459 831 4511 Sanctorum,
848 4454 882 4514 ll,
899 4457 942 4515 59,
960 4459 1002 4517 12,
1021 4459 1053 4508 13

358 4529 383 4578 2.
405 4525 613 4588 Antilotherus,
642 4526 662 4585 l,
686 4545 709 4580 c.
735 4529 778 4580 25.
801 4525 924 4580 Similiter
950 4531 991 4580 De
1016 4536 1134 4580 venerat.
1164 4531 1341 4589 Sanctorum,
1367 4530 1382 4580 8
1404 4547 1439 4587 v.,

325 4601 358 4657 10
373 4617 397 4649 v.
