3074 5422
795 447 956 509 „94-

313 581 387 645 cilia
400 582 573 659 extollens,
587 582 681 669 quasi
698 582 852 647 Christus
868 581 931 668 ipsi
949 580 1011 643 soli
1024 605 1058 643 sc
1072 581 1264 656 revelasset,
1279 603 1439 667 suamque

313 692 408 744 antea
437 679 618 743 Ecclesiam
647 681 679 742 in
708 679 857 743 tenebris
886 678 1087 765 reliquisset.
1127 678 1254 741 lbidem
1286 677 1439 764 antiquas

314 802 428 841 omnes
454 801 615 841 renovans
640 777 794 840 haereses
815 775 1027 863 depingitur:
1056 803 1072 838 «
1095 776 1266 839 Delibero
1295 799 1437 862 namque

314 875 452 938 arbitrio
479 875 647 938 disserens
672 875 884 939 ‚llauichaeos
916 874 1077 960 sequitur,
1103 873 1143 936 de
1171 873 1374 937 contritione
1405 884 1438 935 et

314 973 354 1036 iis
371 998 454 1061 quae
466 997 537 1036 eam
553 972 757 1060 praecedunt
770 973 931 1047 llussitas,
941 971 1133 1046 Wiclesurn,
1147 972 1188 1035 de
1203 970 1435 1046 Confessione,

314 1070 354 1134 de
372 1072 571 1158 praeceptis,
590 1071 793 1157 Beguardos‚
813 1071 986 1146 Catharos,
1005 1068 1045 1132 dc
1058 1069 1234 1156 punitione
1250 1068 1438 1132 haeretico-

314 1193 398 1244 rum,
416 1169 456 1234 de
469 1169 676 1232 immunitate
693 1168 994 1232 ecclesiasticorum
1010 1180 1043 1231 et
1057 1167 1258 1256 evangelicis
1270 1165 1436 1241 consiliis,

314 1266 495 1331 Valdenses
517 1291 553 1329 ao
575 1266 750 1341 Βο11011100,
778 1266 818 1329 (10
836 1268 1024 1352 juramento
1050 1265 1217 1329 consentit
1244 1263 1438 1341 haereticis,

315 1365 371 1451 qui
400 1389 434 1427 se
456 1366 610 1451 jactitant
638 1364 678 1427 do
707 1364 823 1427 ordine
853 1364 1103 1450 Apostolorum,
1128 1363 1169 1426 de
1204 1362 1439 1426 observatione

314 1462 472 1552 legalium
497 1463 727 1526 Ebionitarum
751 1462 880 1526 haeresi
897 1461 1110 1548 propinquat.
1135 1487 1152 1522 1)
1175 1465 1239 1525 1100
1260 1459 1439 1549 syntheses

313 1561 441 1646 primus
457 1560 636 1624 delineavit
651 1561 875 1635 Clichtoveus,
892 1560 1127 1646 multotiesque
1144 1572 1219 1646 post
1236 1559 1346 1647 ipsum
1367 1557 1438 1621 sue·

316 1670 393 1721 runt
414 1658 586 1744 repetitae.

358 1756 571 1845 Colliguntur
583 1757 615 1819 in
629 1757 920 1834 Determinatione,
935 1756 996 1819 sub
1014 1757 1053 1819 ‘25
1070 1754 1189 1831 titulis,
1209 1757 1270 1818 113
1286 1755 1437 1843 proposi·

314 1853 423 1917 tiones
451 1879 490 1917 ex
517 1855 677 1941 operibus
701 1854 837 1917 Lutheri
861 1853 1033 1941 hucusque
1061 1853 1222 1942 evulgatis
1244 1866 1435 1940 excerptae.

314 1953 387 2016 Non
404 1952 448 2015 ita
462 1952 580 2015 multas
602 1965 812 2015 extraxerant
830 1950 1198 2038 condemnaverantque
1221 1951 1438 2016 Coloniensis

316 2063 348 2113 et
374 2050 588 2113 Lovaniensis
613 2050 812 2127 Facultates,
841 2074 921 2138 quas
949 2052 1103 2113 Erasmus
1127 2049 1308 2113 Parisiensi
1334 2048 1438 2112 luisse

262 2143 268 2158 ’
315 2147 489 2211 inferiores
511 2147 745 2235 praedicabat:
769 2148 839 2235 ipse
861 2149 926 2211 Leo
946 2150 1001 2210 X¹¹s
1030 2149 1083 2210 11ΙΙ
1103 2159 1231 2210 tantum
1252 2160 1436 2211 notaverat.

316 2246 521 2309 Parisienses
541 2259 650 2309 autem
667 2248 841 2322 Doctores,
865 2271 903 2308 ex
919 2245 1072 2308 omnibus
1093 2246 1229 2308 Lutheri
1245 2245 1355 2322 libris,
1374 2245 1439 2308 lor-

316 2345 420 2407 mulas
442 2343 636 2431 praecipuas
658 2356 689 2406 01
714 2343 755 2406 ad
776 2343 1032 2406 fundamentalia
1055 2342 1208 2431 dogmata
1230 2343 1438 2429 pertinentes

316 2442 555 2506 discreverunt.
576 2445 643 2506 Nec
658 2453 785 2504 tantum
802 2465 885 2528 quae
903 2441 1116 2530 dogmatibus
1133 2441 1341 2530 gravioribus
1358 2465 1438 2504 con·

315 2540 461 2603 traihant
486 2540 635 2603 censuris
664 2537 849 2615 affixerunt,
882 2538 940 2601 sed
968 2538 1065 2602 ctiam
1096 2563 1179 2626 quae
1214 2538 1436 2602 secundariis.

317 2640 443 2724 ltaque,
471 2638 662 2701 Clichtoveo
694 2637 789 2713 duce,
821 2636 933 2724 plures
966 2637 1101 2700 Lutheri
1131 2636 1439 2700 condemnaverunt

317 2737 529 2811 assertiones,
552 2735 697 2798 scilicet:
716 2737 754 2797 B.
774 2737 818 2801 hl.
839 2737 876 2799 V.
894 2758 960 2796 non
981 2758 1054 2797 esse
1075 2734 1108 2796 in
1131 2735 1359 2821 Conceptione
1381 2735 1437 2798 im·

316 2833 524 2909 maculatam,
542 2857 610 2895 non
630 2833 729 2896 licere
745 2832 931 2896 haereticos
945 2831 985 2895 ad
1006 2832 1117 2922 ignem
1133 2832 1302 2909 damnare,
1319 2833 1437 2896 l'urcis

316 2931 440 2994 bellum
460 2930 621 3008 indicere,
640 2930 850 3017 principibus
866 2930 1029 2993 honorum
1042 2929 1356 3017 immunitatemque
1374 2932 1437 2992 Ee·

316 3029 435 3093 clesiae
464 3028 719 3116 usurpatoribus
752 3028 919 3091 resistere.
954 3027 1025 3090 hlia
1060 3028 1158 3091 etiam
1189 3027 1229 3090 de
1264 3027 1437 3091 scolastica

316 3127 497 3214 'l'heologia
512 3139 545 3189 et
564 3126 776 3215 philosophia
792 3125 1116 3188 animadverterunt:
1143 3125 1270 3188 scilicet
1286 3124 1437 3212 philoso-

316 3225 426 3311 phiam
443 3224 677 3288 aristotelicam
694 3222 734 3286 de
750 3223 933 3287 Moralibus
954 3247 1020 3286 non
1037 3247 1108 3286 csse
1121 3223 1255 3287 Christo
1267 3223 1437 3311 Pauloque

316 3323 530 3399 conformem,
553 3347 614 3385 ncc
635 3321 783 3385 eamdem
805 3345 876 3384 0000
894 3322 1016 3408 populo
1034 3334 1157 3408 aptam,
1180 3320 1230 3384 vel
1253 3320 1439 3408 Scripturis

317 3420 543 3510 intelligendis
573 3419 863 3495 accommodatam,
897 3419 1021 3507 quippe
1047 3443 1130 3506 quae
1159 3418 1328 3482 vocabulis
1358 3420 1439 3482 hor-

316 3518 429 3581 rendis
455 3517 738 3606 disputationique
760 3517 916 3605 propriis,
939 3530 1008 3580 tota
1031 3529 1190 3580 scateret:
1221 3517 1437 3608 Theologiam

316 3640 449 3703 quoquc
471 3616 679 3679 scolasticam
700 3640 715 3678 a
732 3640 809 3678 vero
827 3616 1074 3702 scripturarum
1091 3614 1262 3679 intellectu
1279 3628 1311 3678 et
1327 3639 1343 3678 a
1361 3640 1437 3679 vera

316 3714 498 3803 Theologia
526 3713 662 3791 distare,
693 3714 767 3800 plus
796 3714 912 3776 haberi
938 3713 1140 3800 Theologiae
1172 3713 1205 3776 in
1234 3713 1437 3803 germanicis

315 3811 448 3876 Tauleri
469 3812 679 3875 sermonibus
700 3836 797 3899 quam
828 3812 859 3874 in
887 3812 1014 3874 cunctis
1035 3811 1294 3876 Universitatum
1316 3813 1437 3875 Docto·

316 3911 421 3988 ribus,
447 3911 511 3973 imo
532 3910 715 3973 Ecclesiam
741 3934 757 3972 a
782 3909 943 3974 trecentis
969 3910 1064 3973 annis
1085 3934 1124 3972 ex
1149 3910 1201 3972 his
1221 3911 1436 3988 Ductoribus

317 4010 405 4097 quod
423 4009 611 4095 Scripturas
633 4009 902 4095 corrumpebant,
926 4008 1122 4071 immensum
1143 4007 1311 4096 recepisse
1334 4008 1438 4072 detri-

317 4120 475 4170 mentum.
507 4109 555 4170 Dc
581 4118 695 4169 sancto
722 4106 882 4192 Dionysio
909 4106 1010 4169 multa
1035 4131 1167 4194 quoque
1198 4107 1366 4169 Lutherus
1388 4131 1439 4169 as-

316 4217 475 4282 seruerat,
511 4205 619 4292 ipsum
652 4203 780 4266 scilicet
808 4228 880 4267 esse
913 4203 1038 4267 solidae
1070 4203 1270 4267 eruditionis
1299 4228 1437 4292 prorsus

316 4305 534 4390 inexpertem,
549 4302 777 4365 Hierarchr'am
791 4304 962 4365 caelestem
976 4302 1114 4365 somniis
1125 4301 1322 4382 consectam,
1341 4305 1369 4365 T
1366 4304 1436 4366 heo·

316 4403 437 4489 logiam
452 4406 626 4485 mysticum
643 4400 973 4488 periculosissimam,
997 4412 1029 4463 01
1044 4401 1150 4491 magis
1167 4399 1315 4464 Platonis
1336 4424 1434 4488 quam

317 4500 440 4564 Christi
471 4499 613 4585 plenam,
644 4499 874 4561 Hierarelu'uuz
902 4498 1036 4561 tandem
1067 4499 1321 4562 ecelesiasticam
1353 4499 1431 4562 alle-

317 4598 420 4689 goriis
440 4621 523 4685 quae
544 4597 685 4659 otiorum
702 4609 812 4659 essent
828 4596 947 4684 pabula
964 4595 1162 4661 redundare.
