3074 5422
299 556 386 620 luris
399 555 550 618 canonici
563 555 629 617 sive
642 553 844 643 'l'hcologiae
859 555 996 640 peritos,
1010 554 1195 640 elegerunt,
1212 555 1334 642 quibus
1346 580 1426 618 cura

298 654 510 742 quaestiones
534 651 723 715 elucidandi
755 651 1042 739 pracparandique
1073 653 1306 717 conclusiones
1332 678 1425 716 com-

299 753 398 815 missa
415 752 487 815 suit.
511 751 734 821 Clichtoveus,
754 749 967 836 abepiscopo
990 751 1209 840 Capituloque
1223 752 1425 815 Carnotensi

299 851 355 937 qui
377 851 524 936 ipsorum
544 848 632 912 vices
648 859 790 936 gereret,
810 848 1004 935 designatus
1020 861 1082 912 est.
1354 924 1358 928 Α

345 949 385 1011 lli
412 951 585 1022 Doctores,
616 947 847 1032 praesentibus
876 946 1043 1032 episcopis
1068 948 1189 1035 quibus
1211 947 1423 1012 solummodo

299 1047 549 1110 conclusionum
563 1044 712 1107 delinitio
729 1044 949 1131 competebat,
968 1045 1133 1108 sessiones
1146 1046 1265 1109 multas
1277 1047 1311 1109 in
1323 1046 1425 1110 domo

300 1144 486 1210 Cardinalis
506 1143 664 1218 habuere,
693 1142 831 1216 scilicet,
850 1143 958 1229 primo
976 1167 1080 1230 usquc
1103 1144 1144 1207 ad
1162 1146 1192 1206 ΙΙ
1212 1145 1425 1208 Dominieam

300 1241 593 1331 Quadragesimae,
613 1241 771 1315 secund0‚
795 1254 870 1327 post
895 1240 975 1303 festa
992 1241 1175 1318 Paschalia,
1199 1266 1215 1306 a
1237 1244 1291 1306 27²
1308 1241 1426 1330 aprilis

300 1340 341 1404 ad
363 1341 402 1403 ‘28
424 1338 512 1402 maii.
538 1341 674 1402 Peracta
698 1338 831 1401 tandem
857 1340 1065 1412 Pentecoste,
1093 1340 1178 1403 inter
1205 1365 1239 1404 se
1263 1339 1426 1428 quosdam

299 1438 556 1527 designaverunt
577 1437 632 1523 qui
655 1449 776 1500 statuta
802 1435 936 1499 definita
958 1437 1142 1524 inscriptis
1161 1440 1365 1529 redigerent,
1386 1463 1427 1501 ex

300 1537 420 1624 quibus
441 1534 672 1622 principaliter
694 1535 887 1622 designatus
910 1534 969 1597 suit
990 1535 1215 1601 Clichtovcus.
1234 1539 1302 1601 Nec
1320 1537 1422 1600 satis:

301 1635 340 1698 ad
357 1633 598 1697 coeremoniam
621 1633 801 1695 solemnem
823 1632 953 1719 inqua,
979 1657 1088 1695 coram
1111 1634 1265 1697 omnibus
1287 1633 1425 1721 deputa·

300 1734 355 1808 tis,
383 1731 525 1795 Concilii
552 1743 672 1794 statuta
702 1731 735 1793 in
766 1755 905 1793 nnuma
934 1731 1127 1795 Clichtoveo
1157 1732 1305 1809 collecta,
1330 1732 1425 1795 luere

300 1829 433 1917 publice
471 1829 679 1918 promulgata
713 1829 782 1916 (lbu
817 1828 1038 1915 septembris),
1070 1829 1282 1893 Clichtoveus
1309 1842 1425 1892 noster

301 1952 374 1991 cum
388 1926 548 1990 Medardo
565 1927 765 2002 rl'hicrsault,
784 1939 918 1989 cantore
931 1940 963 1989 et
974 1927 1120 2005 olliciali,
1139 1952 1268 1991 necnon
1285 1927 1425 1993 Nicolao

300 2024 490 2097 Bouchard‚
505 2025 664 2087 canonico
677 2037 709 2087 et
721 2024 891 2111 'l'heologo
902 2027 1060 2102 Doctore,
1072 2049 1133 2111 per
1142 2026 1332 2113 Capitulum
1346 2028 1424 2090 Car·

302 2136 441 2187 notense
472 2121 644 2209 delegatus
670 2134 733 2184 est.
767 2122 854 2204 Quin
882 2123 961 2201 imo,
991 2123 1183 2210 priusquam
1212 2122 1426 2186 clauderetur

302 2220 501 2295 Concilium,
524 2219 604 2282 Acta
626 2222 697 2306 ejus
718 2221 805 2306 apud
826 2219 1019 2284 Colinaeum
1041 2222 1129 2308 typis
1146 2221 1295 2284 mandari
1313 2223 1426 2307 jusse-

302 2331 378 2381 runt
400 2319 526 2395 Patres,
552 2330 584 2380 et
606 2317 730 2380 adhoc
752 2342 865 2381 rursus
891 2318 1119 2382 Clichtoveum
1147 2319 1422 2408 designaverunt.

303 2415 366 2496 Qui
384 2414 520 2503 quidem
536 2416 598 2478 ista
619 2416 770 2503 sequenti
792 2441 878 2479 anno
897 2417 928 2478 ΙΙ
944 2418 1143 2503 septembris
1160 2416 1276 2493 edidit,
1299 2416 1426 2480 additis

301 2527 371 2577 tum
405 2514 603 2599 Compendio
635 2518 809 2577 veritatum
844 2515 890 2576 od
915 2514 1015 2598 fidem
1039 2520 1274 2601 pertinentium
1309 2531 1427 2579 contra

303 2634 458 2674 erroneas
482 2612 748 2674 Lutlrcranoruuz
781 2616 989 2693 crasertr'ones²
1026 2637 1067 2675 ex
1091 2613 1185 2677 dictis
1219 2627 1249 2676 et
1282 2618 1366 2677 actis
1392 2618 1427 2677 in

304 2710 445 2772 Concilio
462 2710 662 2796 provinciali
680 2711 872 2789 Senonensi,
899 2723 968 2773 tum
989 2711 1129 2798 quadam
1151 2711 1360 2775 Praelatione
1382 2711 1426 2775 ad

303 2808 430 2898 Regem
452 2807 484 2869 in
505 2831 568 2894 qua
588 2806 838 2870 celeberrimam
859 2809 1106 2894 processionem
1131 2809 1287 2900 imaginis
1308 2811 1346 2873 B.
1374 2811 1424 2874 M.

302 2907 341 2969 V.
364 2904 503 2967 violatae
523 2904 736 2991 expiatricem
758 2905 839 2969 mire
860 2905 1081 2970 describebat.

348 3001 408 3064 Hic
434 3002 492 3066 suit
513 3002 648 3066 ultimus
673 3002 741 3066 fere
765 3003 949 3067 Clichtovei
969 3019 1082 3068 contra
1103 3006 1284 3068 Lutherum
1308 3005 1425 3068 nisus:

304 3099 478 3163 Guillardo
499 3125 612 3163 rursus
632 3103 796 3166 Navarrae
813 3103 868 3165 25³
884 3102 1014 3191 augusti
1032 3103 1225 3166 solemniter
1241 3103 1428 3166 celebranti

305 3197 419 3274 astitit,
444 3223 628 3261 sermonem
650 3199 783 3262 solitum
803 3200 836 3263 in
859 3199 942 3263 sesto
968 3203 1002 3265 S.
1029 3201 1245 3288 Euphemiae,
1275 3203 1332 3264 160.
1349 3224 1431 3288 scp-

303 3296 455 3372 tembris,
479 3297 511 3358 in
534 3297 685 3360 Sorbona
711 3297 917 3372 declamavit,
942 3298 1018 3362 dein
1040 3299 1219 3363 Carnotum
1241 3299 1342 3362 rediit
1361 3298 1430 3362 ibi-

304 3417 369 3480 que
386 3418 420 3456 se
433 3407 537 3457 totum
560 3419 618 3457 suo
641 3394 779 3458 tradidit
796 3393 916 3458 officio.
931 3387 936 3400 ⁸

557 3669 699 3735 CAPUT
726 3672 928 3751 QUINTUM
954 3672 1172 3737 DECIMUM.

341 3855 556 3895 CLICHTOVEUS
577 3855 713 3896 CARNOTI
733 3857 952 3896 THEOLOGALIS
973 3858 1183 3898 ruanBENDAM
1200 3859 1239 3897 ET
1260 3859 1387 3899 orrlcln

788 3954 942 3994 OCCUPAT.

764 4081 966 4142 (rere-1543)

352 4224 421 4286 Etsi
439 4225 666 4287 Protestantes
682 4249 698 4286 a
720 4225 927 4288 Blesensium
944 4225 1065 4289 linibus
1082 4227 1123 4290 ad
1139 4229 1432 4296 Castrodunenses

306 4320 569 4411 grassarentur¹,
606 4322 816 4386 Clichtoveus
838 4325 917 4410 ·jam
957 4325 1067 4387 senior
1099 4324 1203 4389 factus
1239 4327 1321 4391 nihil
1359 4328 1431 4393 sere-

343 4518 366 4567 1.
390 4515 510 4576 Souchet,
528 4517 574 4573 ΙΙΙ,
589 4519 650 4570 551.
669 4518 817 4570 Me'moires
833 4517 868 4571 de
882 4518 911 4571 le
924 4522 984 4571 Soc.
1000 4520 1128 4574 Arcte'ot.
1143 4521 1378 4585 d'Eur·e·et-Loir,
1389 4525 1426 4586 Π,

307 4589 368 4648 117,
385 4607 414 4638 ex
429 4587 525 4639 Codice
541 4588 640 4642 Laisne.
