3074 5422
681 430 839 488 ..34-

202 579 256 629 tur
277 566 308 628 in
327 564 455 626 cunctis
477 561 647 624 codicibus
663 585 729 646 ¹nec
750 562 783 624 in
806 563 959 625 omnibus
981 563 1130 628 ecelesiis
1151 577 1325 628 cantaren-

202 676 268 726 tur.
293 665 328 724 ln
357 661 457 724 altera
486 673 580 747 parte
609 659 790 747 quaerebat
813 683 890 722 num
912 674 1023 723 essent
1045 686 1181 748 capaces
1207 687 1325 727 sensus

203 760 350 851 dogmati
367 759 549 847 pietatique
570 756 761 821 conformis.
786 758 826 819 Et
846 760 879 819 in
904 757 1177 844 praefatiunculis
1193 786 1326 848 semper

203 858 449 946 protestabatur
476 880 509 918 se
530 855 706 932 disserere,
730 879 795 918 non
826 855 976 927 definire,
999 881 1060 920 nec
1081 870 1206 921 mutare
1228 857 1325 922 litur-

204 957 291 1043 giam
312 955 395 1017 velle
411 981 417 1030 ;
436 953 603 1040 etjudieio
622 952 832 1016 llcclesiaese
848 955 1075 1018 submittebat.

247 1056 315 1117 Nec
335 1065 445 1115 tamen
467 1050 627 1138 proiecit:
647 1052 759 1137 plures
779 1050 884 1138 ipsius
899 1052 1049 1140 opinioni
1070 1052 1235 1117 adversari
1258 1078 1325 1117 non

204 1152 416 1228 destiterunt,
431 1151 520 1214 Beda
531 1149 739 1236 praesertim,
754 1149 810 1236 qui
822 1149 929 1213 edidit
938 1174 1022 1238 opus
1034 1151 1086 1214 eui
1098 1152 1230 1214 titulus:
1249 1155 1325 1216 Bes·

204 1256 310 1315 litatio
331 1254 364 1312 in
377 1254 538 1337 integram
554 1248 784 1311 benedictionis
799 1257 884 1310 cerei
902 1247 1074 1335 paschalis
1093 1274 1155 1336 per
1178 1252 1324 1313 duarum

203 1353 273 1436 ejus
284 1346 535 1434 particularum
551 1347 797 1409 damnationem
813 1371 853 1408 ar
864 1347 1120 1410 subtractionem
1139 1350 1325 1426 mutilatae,

204 1445 292 1534 apud
308 1444 459 1521 Badium,
484 1444 581 1506 1520.
607 1470 622 1504 a
635 1442 754 1508 Videat
769 1444 913 1507 Judocus
935 1444 1078 1528 (dicebat
1100 1444 1121 1508 l.
1142 1448 1172 1530 3)
1192 1470 1233 1509 ne
1255 1446 1327 1509 ani-

205 1569 292 1608 mum
308 1544 348 1607 ad
366 1541 578 1606 scribendum
599 1541 776 1629 appulerit,
794 1566 926 1604 suorum
945 1567 1122 1630 persuasus
1138 1557 1237 1607 vento
1258 1568 1329 1607 sec-

204 1656 347 1706 tatorum
361 1667 366 1703 :
380 1654 412 1704 et
427 1641 578 1715 istorum,
592 1640 648 1727 qui
661 1640 814 1703 universo
825 1664 883 1702 suo
897 1664 963 1702 non
975 1655 1209 1730 congruentes
1224 1644 1327 1706 certis

204 1740 401 1828 quibusdam
424 1740 466 1800 ita
484 1751 560 1801 sunt
575 1737 699 1800 addicti
715 1737 897 1826 MagistriS‚
918 1750 1078 1801 uteorum
1095 1739 1218 1826 scripta
1233 1743 1328 1827 (qua-

204 1839 389 1925 liacumque
410 1848 572 1926 generent
593 1835 670 1898 inde
691 1834 855 1920 scandala)
874 1835 986 1923 inique
1003 1836 1109 1899 serant
1130 1837 1252 1901 discuti
1257 1887 1325 1902 .....

204 1936 366 1999 Nimirum
383 1935 423 1997 ad
441 1936 515 1997 ppo
532 1933 689 1996 februarii
707 1933 795 1996 diem
817 1933 896 1996 mibi
914 1934 1021 1998 adhuc
1041 1934 1074 1997 in
1096 1937 1328 2022 recognitione

203 2033 343 2120 praelati
371 2033 411 2095 de
435 2032 550 2094 Annae
577 2031 708 2094 filiabus
735 2031 886 2118 opusculi
913 2033 1012 2119 (quod
1033 2033 1093 2095 sub
1121 2031 1328 2097 Ascensiano

203 2132 316 2218 praelo
346 2144 426 2194 tunc
455 2130 518 2193 teri
552 2130 717 2217 coeperat)
744 2142 916 2216 occupate,
948 2129 1046 2194 ollert
1074 2131 1190 2195 Judoci
1220 2133 1328 2218 ipsius

205 2229 384 2316 scriptum:
409 2227 498 2315 quod
519 2229 785 2314 disceptationem
810 2228 849 2290 de
872 2233 1063 2291 necessitate
1084 2230 1329 2316 praeconditas

204 2343 234 2391 et
250 2328 412 2414 felicitate
432 2328 550 2413 cnlpae
565 2326 711 2413 ejusdem
729 2328 967 2414 apologeticum
981 2327 1153 2415 inscripsit
1159 2377 1224 2390 .....
1239 2353 1245 2390 ε
1269 2329 1328 2392 illo

206 2427 416 2512 apprehenso
430 2424 644 2487 vehementer
660 2424 828 2487 indolui...
839 2450 877 2490 ..:
896 2425 1052 2500 luderes,
1069 2425 1103 2487 in
1119 2449 1220 2512 opere
1237 2427 1328 2513 quod

202 2524 467 2586 Elncidutorinm
484 2524 740 2585 ecclesiasticum
756 2522 860 2585 voluit
873 2522 1046 2609 appellari,
1062 2522 1167 2609 ipsam
1182 2524 1327 2587 Pascha-

204 2621 244 2683 lis
266 2621 362 2685 Cerei
378 2619 647 2682 benedictionem
665 2620 731 2682 suis
748 2620 928 2706 explanans
940 2621 1222 2694 annotationibus,
1242 2621 1326 2685 elau-

204 2718 291 2781 sulas
312 2717 538 2805 praescriptas
556 2717 683 2803 judicio
705 2718 775 2780 sine
800 2717 1026 2781 misericordia
1053 2718 1231 2782 damnavit.
1263 2722 1326 2784 Pro

205 2841 315 2904 quare
337 2815 437 2903 (quod
460 2815 613 2878 scandala
628 2815 791 2878 mirumin
808 2816 939 2879 modum
952 2816 1089 2901 videret)
1107 2817 1196 2879 omni
1215 2829 1325 2880 tamen

204 2939 279 2978 cum
293 2913 548 2977 mansuetudine
570 2926 602 2976 et
618 2914 761 2976 fraterna
779 2914 1028 2978 correctione.‚.
1052 2914 1113 2976 luit
1129 2938 1144 2976 a
1167 2915 1235 2978 suis
1251 2939 1326 2978 eon-

204 3013 362 3076 iratribus
380 3011 589 3075 admonitus:
608 3023 729 3098 etpost
746 3010 921 3075 nonnullas
938 3011 1181 3075 consecrentias
1193 3014 1326 3099 (auditis

206 3110 476 3174 doctissimorum
503 3110 750 3198 Theologorum
781 3134 879 3197 super
905 3110 968 3173 hoe
994 3110 1168 3173 sententiis
1195 3124 1228 3174 et
1247 3112 1327 3175 visis

208 3211 406 3273 Sanctorum
429 3220 461 3270 et
485 3209 667 3271 Doctorum
692 3232 775 3294 quae
798 3208 905 3270 eidem
932 3208 1169 3271 humanissime
1194 3222 1327 3272 ostensa

205 3306 308 3381 suere,
332 3306 494 3369 clausulas
516 3305 588 3368 illas
610 3305 828 3392 probantibus
855 3306 998 3393 scriptis)
1023 3319 1167 3369 erratum
1193 3309 1327 3398 agnovit

204 3429 310 3482 suum,
342 3404 531 3467 scandalum
556 3428 709 3491 reparare
736 3417 893 3492 quantum
916 3412 1087 3468 commode
1107 3405 1178 3468 fieri
1199 3419 1325 3493 posset,

203 3502 310 3565 victus
325 3502 446 3565 auditis
463 3515 495 3565 ct
514 3501 621 3579 lectiS,
642 3502 775 3580 obtulit,
795 3502 986 3589 supplicans
1004 3527 1044 3565 ne
1061 3527 1172 3566 secum
1194 3502 1327 3568 durius-

135 3615 138 3622 ’
205 3600 277 3663 cule
298 3613 463 3688 ageretur.
490 3599 588 3682 Quod
607 3624 703 3688 quam
722 3600 866 3688 benigne
890 3601 1068 3663 annuerint
1087 3602 1148 3664 viri
1175 3601 1223 3664 illi
1246 3602 1327 3665 doc-

204 3699 289 3761 trina
313 3711 346 3761 et
367 3699 528 3785 sapientia
554 3698 728 3786 praeclari,
752 3698 792 3761 ad
815 3698 849 3761 id
870 3699 918 3761 rei
943 3723 960 3761 a
982 3700 1015 3762 S.
1041 3699 1243 3789 'l'heologiae
1265 3701 1326 3763 Fa-

204 3797 325 3859 cultate
343 3796 509 3859 commissi
530 3796 595 3882 ipsi
616 3820 753 3859 novere:
779 3796 863 3859 nihil
881 3797 1004 3883 quippe
1021 3795 1061 3859 dc
1077 3798 1129 3860 his
1145 3797 1179 3860 in
1195 3798 1327 3861 occulto

204 3907 311 3958 actum
335 3896 485 3958 extitit...
511 3895 596 3958 lline
616 3894 739 3985 gratias
760 3895 829 3982 egit
854 3895 943 3981 quod
964 3919 1074 3958 secum
1096 3896 1212 3982 majori
1228 3920 1327 3983 quam

205 4006 392 4080 speraverat
412 3991 589 4056 dulcedine
612 4006 721 4057 aetum
743 4006 871 4056 esset...
900 3992 1048 4056 Dicenda
1071 4007 1179 4057 autem
1201 3993 1327 4081 triplici

204 4090 382 4177 partitione
408 4091 612 4153 secabimus:
638 4091 673 4153 in
700 4115 837 4178 quarum
864 4091 982 4177 prima,
1010 4105 1119 4154 utrum
1141 4091 1231 4154 licite
1262 4116 1328 4155 ma-

204 4188 320 4252 teriam
337 4188 421 4250 banc
438 4189 469 4250 in
489 4213 522 4251 se
539 4189 714 4275 agitaverit
730 4189 875 4252 Judoeus
892 4188 1100 4266 discutietur,
1119 4189 1152 4251 in
1172 4190 1203 4251 2⁰
1216 4202 1327 4252 utrum

204 4311 292 4363 vere,
312 4290 344 4349 3a
364 4311 453 4363 vero,
477 4287 566 4373 quod
587 4287 685 4350 etiam
709 4286 876 4350 Ecclesiae
897 4288 1092 4367 auctoritate
1108 4300 1245 4364 semota,
1264 4288 1328 4350 hoc

204 4398 265 4463 est,
285 4384 357 4447 illas
379 4384 542 4448 clausulas
564 4385 745 4448 secundum
766 4399 849 4447 sect
869 4384 969 4448 veluti
988 4409 1154 4473 nunquam
1172 4399 1327 4471 receptae

203 4481 345 4546 suissent
365 4482 621 4560 considerand0‚
640 4507 655 4545 a
679 4482 770 4546 nullo
787 4495 896 4545 tamen
913 4496 1050 4570 possent
1070 4483 1133 4545 nisi
1151 4484 1326 4546 temerarie

203 4581 313 4644 damni
336 4580 589 4644 demonstrabit.
610 4607 626 4641 n
