3074 5422
683 438 841 496 „.7g..

204 574 325 638 divinis
341 571 495 635 laudibus
508 571 674 658 minuspia
692 584 723 633 et
739 570 1066 657 religiosavideutur,
1085 584 1196 634 nostra
1214 585 1321 634 tamen

202 682 400 757 tempestate
415 682 529 732 contra
550 668 670 732 accidit
687 680 722 731 ut
733 668 810 731 talia
828 668 959 730 sincero
979 666 1099 731 affectu
1120 681 1322 732 attentantes

204 769 412 832 incessentur
445 767 578 854 probris
612 767 714 830 etdie
734 766 824 830 dicto
845 766 877 827 io
895 764 1058 852 judicium
1071 768 1320 852 pertrahantur,

202 879 427 953 vocenturque
448 866 481 927 in
493 868 560 953 jus,
571 878 730 952 tauquam
746 863 873 927 insandi
885 862 1035 926 criminis
1047 864 1107 942 rei,
1123 863 1323 951 usqueadeo

205 966 387 1029 inveterato
410 976 442 1026 ct
462 963 562 1050 longo
581 965 648 1049 jam
670 987 730 1025 usu
755 961 907 1025 imbibita
936 961 1092 1024 omnibus
1119 962 1264 1048 placent,
1292 974 1325 1025 et

205 1062 327 1151 quibus
347 1061 444 1124 altius
477 1061 672 1124 insederunt
700 1060 801 1123 animi
830 1061 883 1122 vix
915 1072 1055 1146 possunt
1080 1060 1176 1122 avelli
1197 1086 1226 1123 n.
1257 1059 1325 1123 Sed

206 1185 280 1224 cum
303 1161 383 1266 haec
411 1158 578 1222 scribebat
598 1159 708 1244 (1519)
735 1161 802 1245 jam
828 1157 988 1247 agebatur
1014 1156 1054 1220 de
1083 1158 1220 1221 Lutheri
1248 1157 1324 1221 doc·

205 1271 314 1323 trinis.

569 1622 711 1686 CAPUT
737 1620 960 1685 OCTAVUM.

393 1841 609 1882 CLlCHTOVRUS
635 1841 803 1881 ursroumu
830 1841 972 1881 sruuluiu
999 1840 1135 1880 LAUDAT.

253 2044 301 2104 Ex
321 2039 372 2102 his
393 2039 527 2102 criticae
549 2039 673 2127 regulis
698 2039 739 2102 ad
766 2039 939 2103 historiam
970 2039 1199 2124 spectantibus
1226 2041 1328 2104 nobis

208 2138 304 2202 datur
312 2137 442 2201 occasio
454 2137 687 2229 investigandi,
701 2138 792 2224 quali
803 2137 913 2201 studio
923 2150 955 2200 et
965 2136 1054 2223 quali
1065 2138 1163 2200 etiam
1174 2138 1329 2225 profectu

209 2236 380 2300 scientiam
397 2234 588 2298 historicam
610 2235 822 2300 Clichtoveus
839 2235 991 2300 coluerit.

252 2333 392 2421 Utrique
409 2332 575 2420 equidem,
598 2325 754 2420 profanae
775 2334 902 2397 scilicet
919 2349 951 2398 et
969 2360 1093 2412 sacrae,
1116 2359 1183 2398 non
1203 2335 1331 2399 medio·

208 2431 309 2496 criter
332 2431 468 2494 studuit.
495 2433 532 2493 ln
555 2430 758 2518 praefatione
781 2431 952 2518 eujusdam
976 2434 1235 2497 abbreviationis
1258 2434 1331 2497 his·

209 2530 313 2594 toriae
323 2553 434 2593 sacrae
446 2552 544 2616 quam
560 2529 594 2591 in
607 2529 729 2592 Codice
741 2529 827 2592 Bibl.
846 2542 912 2595 nat.
929 2532 990 2595 525
1003 2532 1156 2600 inseruit.
1171 2555 1330 2621 magnum

209 2627 387 2691 delineavit
402 2627 560 2690 historiae
573 2627 730 2714 elogium,
749 2651 831 2714 quae
852 2628 939 2691 viros
955 2628 1108 2692 heroicos
1121 2628 1231 2717 quoad
1248 2642 1331 2692 tem·

210 2751 271 2815 pus
287 2738 319 2789 et
332 2726 402 2788 loca
424 2724 501 2787 lacit
517 2725 732 2802 immortales,
757 2739 801 2802 et,
825 2750 898 2788 cum
918 2727 960 2790 sit
977 2728 1062 2790 vitae
1086 2727 1271 2814 speculum,
1290 2726 1332 2790 ad

209 2824 347 2886 virtutes
361 2822 514 2909 impellit,
530 2823 646 2885 avitiis
660 2821 818 2900 deterret,
833 2824 867 2886 in
881 2824 1018 2910 agendis
1030 2823 1156 2914 dirigit,
1174 2825 1262 2888 vires
1275 2827 1332 2912 ju·

209 2921 348 2998 ventuti,
363 2921 479 2983 solatia
494 2921 657 2984 senectuti
673 2922 822 3007 praebet.
844 2921 1079 2985 Sublimiorem
1099 2946 1175 2985 vero
1195 2923 1332 2985 Sacram

211 3019 423 3107 praedicabat
444 3018 635 3094 Historiam,
658 3043 754 3105 quae,
777 3043 851 3082 cum
876 3020 919 3082 sit
940 3043 955 3083 a
977 3021 1047 3082 Deo
1069 3021 1240 3108 inspirata,
1263 3044 1332 3084 non

209 3129 337 3179 tautum
363 3115 445 3179 lacta
466 3128 521 3178 aut
537 3115 698 3203 exempla,
721 3115 779 3179 sed
803 3140 919 3180 sensus
942 3117 1151 3206 allegoricos,
1179 3118 1333 3205 tropolo-

212 3216 303 3305 gicos
330 3226 363 3277 et
385 3214 585 3305 anagogicos
610 3215 771 3279 continet.
806 3217 914 3300 Ipsam
940 3214 1008 3278 fere
1040 3228 1155 3293 totam,
1183 3217 1333 3303 exceptis

212 3325 351 3401 quatuor
373 3312 479 3389 libris,
498 3310 539 3374 ad
559 3335 654 3374 usum
675 3311 852 3388 Guillardi,
876 3313 1134 3376 abbreviaverat.
1159 3316 1207 3376 Ex
1224 3314 1334 3377 histo·

212 3410 269 3473 riis
292 3409 439 3498 profanis
467 3409 568 3472 multa
597 3410 695 3472 etiam
721 3408 946 3498 decerpserat,
976 3411 1043 3474 sive
1073 3411 1235 3499 exempla,
1264 3411 1333 3475 sive

212 3507 340 3595 adagia,
365 3532 449 3595 quae
473 3520 542 3570 tum
564 3507 598 3569 in
621 3508 869 3571 commentariis
892 3508 933 3572 ad
953 3508 1057 3571 libros
1084 3510 1279 3573 Ethicorum
1301 3521 1335 3572 et

211 3606 386 3670 Moralium
408 3605 609 3682 Aristotelis
626 3618 695 3668 tum
716 3606 750 3668 iu
770 3606 927 3693 operibus
951 3609 997 3670 De
1016 3609 1115 3671 laude
1130 3613 1335 3671 monasticae

213 3705 390 3792 religionis
406 3716 462 3766 aut
477 3704 525 3766 De
540 3704 620 3766 lello
635 3719 665 3766 et
674 3727 767 3790 pace,
787 3704 854 3767 sive
870 3704 968 3767 etiarn
985 3705 1018 3767 in
1035 3705 1242 3768 sermonibus
1259 3705 1335 3769 ubi-

213 3827 277 3890 que
298 3814 475 3888 sparserat.
494 3803 634 3887 Insuper
650 3800 791 3864 vidimus
808 3802 915 3889 ipsum
937 3815 992 3865 aut
1014 3805 1210 3866 Sanctorum
1227 3803 1333 3880 Vitas,

213 3913 246 3963 et
263 3900 376 3986 Elogia
393 3924 400 3961 :
417 3923 447 3960 v.
465 3923 498 3987 g.
517 3898 644 3963 Nicolai
663 3899 841 3987 MyrensiS,
864 3901 953 3964 Petri
974 3900 1146 3978 Celestini,
1165 3900 1336 3964 Laurentii

214 3997 405 4073 lastiniani,
421 4009 476 4059 aut
492 4021 662 4059 sermones
679 3998 719 4061 de
734 3997 873 4061 diversis
886 3998 1070 4061 Ordinibus
1087 3999 1278 4075 historicos,
1298 4021 1337 4061 ex

215 4095 355 4159 diversis
372 4094 518 4157 lontibus
534 4094 568 4157 in
585 4118 643 4157 suo
660 4094 783 4158 Codice
801 4095 905 4158 diario
922 4095 1109 4182 scripsisse.

260 4193 438 4257 Historiam
466 4192 568 4281 igitur
597 4193 704 4279 primo
734 4192 837 4256 coluit
869 4193 909 4257 ad
941 4193 1073 4257 modum
1110 4194 1336 4259 litteratorum

215 4292 372 4369 virorum,
395 4290 523 4354 scilicet
540 4302 575 4352 ut
597 4290 720 4353 fontem
742 4315 781 4354 ex
803 4315 869 4379 quo
892 4305 962 4354 tum
984 4292 1145 4378 exempla,
1167 4305 1237 4355 tum
1264 4317 1337 4356 sen·

215 4389 338 4453 tentias
359 4388 479 4476 quibus
496 4388 620 4475 scripta
634 4402 821 4467 exornaret,
839 4401 894 4452 aut
907 4413 1015 4452 mores
1028 4387 1214 4480 effingeret,
1229 4390 1337 4454 inces-

217 4500 328 4551 santer
353 4486 545 4549 hauriebat:
567 4510 638 4550 cam
660 4511 792 4575 quoque
813 4486 927 4565 coluit,
951 4499 987 4551 ut
1001 4487 1156 4567 vidimuS,
1173 4487 1336 4552 adhibitis

218 4585 344 4678 regulis
365 4584 512 4651 criticae.
535 4587 609 4649 Non
625 4585 792 4672 quaelibet
808 4585 941 4648 admisit
954 4586 1155 4665 testimonia,
1177 4586 1244 4650 imo
1264 4587 1336 4675 plu·
