3074 5422
614 273 636 323 ὁ

685 409 844 468 ..72-

204 544 367 607 Ioannem
394 543 533 605 amissos
565 567 603 604 ex
632 541 784 629 pluribus
813 543 967 606 Patribus
995 546 1259 633 praesertimque
1289 570 1328 608 ex

205 640 393 717 Ambrosie,
413 640 650 727 Chrysostomo
668 653 700 703 et
715 640 901 729 Augustino
920 641 999 704 mira
1016 656 1086 705 arte
1107 643 1325 730 suppleverit.

199 738 287 814 ¹Sed,
305 737 345 800 ad
362 738 556 823 Dionysium
572 736 805 827 Areopagitanr
819 738 901 801 etad
915 738 1095 825 scriptores
1112 741 1326 827 apostolicos,

207 837 383 925 lgnatiuur,
417 835 649 922 Polycarpum,
683 848 762 907 etc.,
795 835 954 898 libentius
984 838 1196 900 ascendebat.
1230 839 1327 918 Quod

205 933 339 1021 quidem
357 932 446 995 llier.
462 933 657 1018 l'apiensem
673 957 738 995 non
753 932 965 996 mediocriter
978 935 1152 998 attonitum
1166 935 1326 1014 faciebat;
1371 940 1374 945 ⁴

203 1033 256 1094 vix
272 1031 359 1093 enim
373 1030 561 1118 intelligere
576 1043 717 1117 poterat,
735 1031 901 1116 quomodo
914 1033 1021 1094 Faber
1037 1034 1092 1120 qui
1110 1046 1198 1096 totus
1219 1033 1328 1121 primo

203 1131 292 1192 visus
312 1128 418 1192 luerat
446 1128 678 1205 aristotelicus,
702 1129 822 1191 deiude
844 1142 933 1192 totns
954 1130 1022 1194 lere
1045 1130 1233 1218 platonicus
1253 1156 1329 1195 eva·

205 1239 303 1291 serat.
330 1225 393 1305 Qui
409 1238 497 1289 certe
516 1225 556 1288 ad
577 1239 728 1289 auctores
749 1226 935 1313 platonicos
957 1228 1053 1291 simul
1074 1241 1107 1291 et
1127 1230 1328 1316 apostolicos

204 1325 358 1388 omuibus
374 1323 610 1411 praeferendos
632 1349 670 1387 eo
692 1324 798 1387 suerat
813 1324 988 1404 adductus,
1007 1326 1095 1414 quod
1112 1327 1146 1389 in
1167 1326 1239 1390 istis
1257 1340 1329 1391 tum

205 1422 429 1509 pulchriorem
451 1422 717 1510 sanctioremque
738 1446 835 1509 quam
856 1421 1030 1487 allectabat
1051 1424 1237 1488 doctrinam
1257 1438 1329 1489 tum

205 1519 413 1584 immediatos
434 1519 536 1583 divini
558 1519 650 1582 verbi
672 1519 779 1583 sontes
800 1519 1002 1584 inveniebat.

250 1617 369 1682 lisdem
400 1617 597 1694 rationibuS,
629 1617 757 1680 seilicet
786 1631 886 1704 prout
906 1619 967 1682 viri
995 1619 1132 1683 litterati
1165 1621 1264 1685 simul
1296 1633 1330 1684 et

205 1716 313 1780 critici
329 1740 437 1779 mores
458 1715 607 1805 gerebat,
626 1715 839 1778 Clicbtoveus
856 1716 974 1780 iisdem
991 1718 1182 1781 auctoribus
1203 1718 1328 1782 adhae-

206 1815 264 1878 sit:
293 1827 325 1877 et
345 1813 434 1900 quod
457 1813 498 1876 de
521 1814 629 1876 Fabro
651 1813 715 1899 ipsi
738 1813 930 1877 Clicbtoveo
952 1814 1117 1879 referebat
1144 1816 1235 1882 Hier.
1265 1818 1329 1880 Pa-

206 1911 342 1999 piensis,
361 1912 424 1974 hoc
436 1910 476 1973 de
494 1910 686 1974 Cliehtoveo
703 1911 776 1998 ipso
788 1910 967 1975 dicendum
980 1926 1066 1976 erat:
1086 1940 1102 1974 a
1121 1914 1177 1978 Sic
1191 1915 1328 2003 utrique

206 2009 482 2098 philosophorum
512 2021 563 2071 est
591 2007 742 2071 addictus
777 2020 813 2071 ut
849 2034 955 2096 neque
994 2010 1181 2096 platonicus
1217 2036 1328 2100 neque

207 2107 429 2171 aristotelicus
444 2106 602 2193 appellari
616 2105 771 2195 gaudeat,
788 2107 846 2170 sed
862 2108 1066 2194 apostolicus
1082 2121 1170 2173 totus
1182 2110 1329 2198 fideique

208 2206 350 2292 synistes
380 2217 470 2267 totus
504 2203 648 2267 exundat
680 2204 712 2266 in
742 2203 891 2268 doctrina
926 2229 1030 2282 saera,
1060 2219 1217 2294 totusque
1250 2232 1329 2295 rap-

207 2316 295 2367 tatur
312 2303 352 2366 ad
374 2303 525 2389 Dionysii
558 2302 662 2389 ipsius
697 2302 909 2380 ambrosiam,
944 2304 984 2368 ad
1011 2329 1121 2368 sacros
1144 2305 1232 2369 illius
1255 2330 1329 2370 nec·

207 2402 289 2464 taris
311 2401 431 2478 sontes,
455 2423 585 2463 necnon
605 2399 651 2463 ad
672 2399 845 2463 llierothei
873 2401 1003 2464 divinos
1031 2427 1171 2466 amores.
1198 2430 1213 2463 u
1242 2405 1331 2492 Syn·

208 2499 326 2564 thesim
361 2522 442 2586 ergo
476 2496 650 2584 quamdam
687 2497 830 2561 faciebat
864 2511 1006 2587 uterque
1040 2501 1262 2565 aristotelicae
1298 2515 1332 2565 et

209 2597 394 2684 platonicae
414 2595 585 2658 doctrinae
606 2595 639 2657 iu
662 2618 728 2658 uno
752 2595 934 2683 eodemque
960 2597 1133 2684 Dionysio,
1158 2611 1227 2662 tum
1252 2600 1329 2686 quia

209 2693 429 2782 splendidius,
459 2706 529 2756 tum
552 2693 629 2780 quia
655 2693 816 2756 sincerius
840 2696 977 2758 verbum
1004 2697 1077 2773 Dei,
1100 2721 1140 2759 ex
1165 2696 1330 2784 Apostolo

209 2792 311 2856 Paulo
328 2792 494 2868 haustum,
508 2790 671 2854 tradebat.
697 2793 809 2878 lpsum
827 2792 915 2855 enim
931 2792 997 2856 divi
1014 2794 1108 2857 Pauli
1125 2794 1330 2882 discipulum

210 2893 347 2977 ejusque
377 2913 476 2976 opera
505 2889 693 2952 authentica
722 2888 925 2953 eredebant:
958 2918 974 2952 a
1000 2891 1089 2954 luter
1115 2916 1185 2967 eos,
1217 2893 1330 2957 aiebat

211 2987 435 3065 Clicbtoveus,
451 2987 518 3074 qui,
531 3000 606 3074 post
622 3000 810 3049 sanctorum
828 2987 1036 3075 eloquiorum
1049 2990 1241 3076 scriptoreS,
1256 3016 1330 3054 eoe-

210 3085 303 3148 lestia
331 3085 428 3148 nobis
453 3085 621 3171 mysteria,
659 3084 843 3148 litterarum
873 3085 1075 3149 adminiculo
1102 3087 1328 3166 tradiderunt,

209 3182 339 3246 divinus
369 3195 461 3269 pater
492 3182 670 3269 Dionysius
694 3182 894 3271 Areopagita
920 3208 993 3246 eum
1019 3185 1137 3272 primis
1167 3209 1330 3250 annume-

210 3280 334 3343 randus
345 3293 406 3357 est,
425 3305 441 3343 a
454 3281 645 3344 beatissimo
657 3280 790 3367 quidem
808 3282 909 3344 Paulo
922 3307 1017 3346 verae
1033 3282 1111 3346 fidei
1123 3297 1329 3350 sacramenta

210 3379 358 3456 edoctuS,
377 3391 409 3441 et
424 3391 594 3466 acceptum
613 3403 775 3466 supernae
792 3379 873 3442 lueis
891 3380 1001 3466 jubar,
1021 3381 1205 3444 clarissimo
1222 3382 1329 3445 radio·

210 3501 282 3539 rum
300 3479 403 3563 jactu,
416 3476 646 3563 perlibrorum
664 3501 798 3539 suorum
814 3477 866 3563 pia
880 3490 1107 3555 monumenta,
1125 3479 1158 3540 in
1175 3492 1330 3565 posteros

208 3574 443 3638 transfundens
466 3600 495 3636 n.
520 3576 559 3636 Et
576 3575 659 3638 inl'ra
674 3599 680 3636 ε
695 3602 710 3636 a
734 3575 815 3655 Quis
836 3588 944 3639 autem
966 3576 1208 3640 addubitaverit
1224 3602 1329 3642 saera·

208 3673 336 3735 tissima
362 3672 449 3735 beati
476 3673 583 3735 Patris
608 3674 706 3735 verba
733 3697 902 3736 sermones
933 3698 1004 3737 esse
1032 3675 1093 3738 Dei
1119 3687 1152 3737 et
1181 3675 1214 3737 in
1246 3675 1330 3763 ipsis

210 3783 386 3858 praecepta
406 3770 491 3833 vitae
508 3771 671 3833 contineri
694 3797 723 3833 n.
748 3771 811 3834 Diu
833 3772 967 3858 quidem
984 3772 1203 3836 haesitaverat
1217 3774 1330 3860 prius-

210 3892 308 3954 quam
325 3869 429 3955 ipsius
446 3869 684 3931 commentaria
701 3869 960 3959 aggrederetur:
978 3897 993 3930 a
1017 3872 1098 3934 Cum
1121 3870 1330 3958 frequentius

210 3965 346 4028 l'uissem
379 3966 571 4043 reluctatus,
613 3966 669 4043 ait,
707 3968 807 4030 miehi
841 3968 997 4031 nimirum
1037 3968 1189 4031 conscius
1228 3994 1330 4056 quam

208 4076 318 4127 tantae
348 4064 425 4126 moli
451 4064 605 4127 serendae
627 4089 733 4127 essem
754 4065 853 4155 longe
878 4066 996 4153 impar,
1022 4067 1193 4154 improbae
1216 4079 1330 4131 tamen

210 4161 341 4224 illorum
362 4162 606 4248 importunitati
632 4162 690 4225 sed
720 4176 852 4226 sanetae
880 4176 911 4226 et
937 4165 1022 4250 piae,
1052 4163 1185 4227 tandem
1211 4189 1330 4230 manus

208 4260 310 4323 victas
343 4259 420 4322 dedi
447 4285 638 4347 moremque
668 4261 768 4345 gessi.
804 4287 820 4320 u
857 4262 985 4324 Obnixe
1016 4263 1171 4348 cupiebat
1199 4275 1236 4325 ut
1272 4289 1328 4327 sua

209 4357 445 4420 commentaria
469 4357 509 4420 ad
535 4358 649 4422 Sancti
666 4358 835 4421 Antistitis
854 4383 953 4445 opera
972 4360 1088 4422 melius
1108 4359 1327 4447 intelligenda

208 4468 416 4541 praestarent
433 4455 673 4540 adjumentum,
693 4456 780 4518 etad
797 4458 858 4519 Dei
875 4480 1020 4519 amorem
1041 4457 1233 4544 cultumque
1255 4460 1327 4545 pios

208 4552 390 4640 legentium
414 4554 538 4615 animos
560 4566 806 4638 promoverent.
831 4555 867 4615 ln
885 4553 948 4616 fine
969 4554 1102 4617 tandem
1128 4556 1327 4641 precabatur
