<?xml version="1.0" encoding="UTF-8"?>
<!DOCTYPE html PUBLIC "-//W3C//DTD XHTML 1.0 Transitional//EN"
    "http://www.w3.org/TR/xhtml1/DTD/xhtml1-transitional.dtd">
<html xmlns="http://www.w3.org/1999/xhtml" xml:lang="en" lang="en">
 <head>
  <title>
</title>
<meta http-equiv="Content-Type" content="text/html;charset=utf-8" />
  <meta name='ocr-system' content='tesseract 3.04.00' />
  <meta name='ocr-capabilities' content='ocr_page ocr_carea ocr_par ocr_line ocrx_word'/>
</head>
<body>
  <div class='ocr_page' id='page_1' title='image "./dejudociclichto00clergoog_0166.png"; bbox 0 0 3074 5422; ppageno 0'>
   <div class='ocr_carea' id='block_1_1' title="bbox 619 426 798 488">
    <p class='ocr_par' dir='ltr' id='par_1_1' title="bbox 619 426 798 488">
     <span class='ocr_line' id='line_1_1' title="bbox 619 426 798 488; baseline 0 -1"><span class='ocrx_word' id='word_1_1' title='bbox 619 426 798 488; x_wconf 76' lang='lat'>-129-</span> 
     </span>
    </p>
   </div>
   <div class='ocr_carea' id='block_1_2' title="bbox 146 556 1267 995">
    <p class='ocr_par' dir='ltr' id='par_1_2' title="bbox 150 556 1267 728">
     <span class='ocr_line' id='line_1_2' title="bbox 151 556 1267 639; baseline 0.007 -26"><span class='ocrx_word' id='word_1_2' title='bbox 151 556 286 630; x_wconf 87' lang='lat' dir='ltr'>domada,</span> <span class='ocrx_word' id='word_1_3' title='bbox 312 557 573 638; x_wconf 81' lang='lat' dir='ltr'>quemadmodum</span> <span class='ocrx_word' id='word_1_4' title='bbox 597 559 722 638; x_wconf 91' lang='lat' dir='ltr'>publico</span> <span class='ocrx_word' id='word_1_5' title='bbox 742 559 818 619; x_wconf 92' lang='lat' dir='ltr'>illud</span> <span class='ocrx_word' id='word_1_6' title='bbox 841 561 988 639; x_wconf 81' lang='lat' dir='ltr'>proposui</span> <span class='ocrx_word' id='word_1_7' title='bbox 1010 561 1165 620; x_wconf 84' lang='lat' dir='ltr'>auditorio</span> <span class='ocrx_word' id='word_1_8' title='bbox 1188 561 1267 622; x_wconf 86' lang='lat' dir='ltr'>vice·</span> 
     </span>
     <span class='ocr_line' id='line_1_3' title="bbox 150 645 674 728; baseline 0.008 -26"><span class='ocrx_word' id='word_1_9' title='bbox 150 645 222 704; x_wconf 77' lang='lat' dir='ltr'>sima</span> <span class='ocrx_word' id='word_1_10' title='bbox 238 655 353 728; x_wconf 82' lang='lat' dir='ltr'>quarta</span> <span class='ocrx_word' id='word_1_11' title='bbox 365 645 480 727; x_wconf 71' lang='lat' dir='ltr'>aprilis·</span> <span class='ocrx_word' id='word_1_12' title='bbox 496 647 578 706; x_wconf 92' lang='lat' dir='ltr'>illius</span> <span class='ocrx_word' id='word_1_13' title='bbox 591 648 674 706; x_wconf 82' lang='lat' dir='ltr'>armi.</span> 
     </span>
    </p>

    <p class='ocr_par' dir='ltr' id='par_1_3' title="bbox 146 735 1264 995">
     <span class='ocr_line' id='line_1_4' title="bbox 183 735 1264 817; baseline 0.006 -25"><span class='ocrx_word' id='word_1_14' title='bbox 183 735 222 793; x_wconf 89' lang='lat' dir='ltr'>Et</span> <span class='ocrx_word' id='word_1_15' title='bbox 237 735 323 793; x_wconf 88' lang='lat' dir='ltr'>finivi</span> <span class='ocrx_word' id='word_1_16' title='bbox 341 743 437 795; x_wconf 88' lang='lat' dir='ltr'>totam</span> <span class='ocrx_word' id='word_1_17' title='bbox 455 735 537 794; x_wconf 90' lang='lat' dir='ltr'>illius</span> <span class='ocrx_word' id='word_1_18' title='bbox 557 737 781 815; x_wconf 77' lang='lat' dir='ltr'>expositionem</span> <span class='ocrx_word' id='word_1_19' title='bbox 802 738 1015 817; x_wconf 68' lang='lat' dir='ltr'>Apocalypsis</span> <span class='ocrx_word' id='word_1_20' title='bbox 1033 737 1154 798; x_wconf 84' lang='lat' dir='ltr'>decima</span> <span class='ocrx_word' id='word_1_21' title='bbox 1171 738 1264 798; x_wconf 84' lang='lat' dir='ltr'>tertie</span> 
     </span>
     <span class='ocr_line' id='line_1_5' title="bbox 147 821 1264 910; baseline 0.005 -30"><span class='ocrx_word' id='word_1_22' title='bbox 147 821 193 884; x_wconf 85' lang='lat' dir='ltr'>die</span> <span class='ocrx_word' id='word_1_23' title='bbox 207 822 382 904; x_wconf 80' lang='lat' dir='ltr'>februarii,</span> <span class='ocrx_word' id='word_1_24' title='bbox 399 846 459 905; x_wconf 88' lang='lat' dir='ltr'>quc</span> <span class='ocrx_word' id='word_1_25' title='bbox 475 825 533 884; x_wconf 87' lang='lat' dir='ltr'>luit</span> <span class='ocrx_word' id='word_1_26' title='bbox 550 826 623 885; x_wconf 86' lang='lat' dir='ltr'>leria</span> <span class='ocrx_word' id='word_1_27' title='bbox 641 827 731 887; x_wconf 90' lang='lat' dir='ltr'>tertia</span> <span class='ocrx_word' id='word_1_28' title='bbox 742 834 813 906; x_wconf 91' lang='lat' dir='ltr'>post</span> <span class='ocrx_word' id='word_1_29' title='bbox 823 827 954 906; x_wconf 89' lang='lat' dir='ltr'>primam</span> <span class='ocrx_word' id='word_1_30' title='bbox 970 827 1166 902; x_wconf 84' lang='lat' dir='ltr'>dominicam,</span> <span class='ocrx_word' id='word_1_31' title='bbox 1185 848 1264 910; x_wconf 82' lang='lat' dir='ltr'>qua-</span> 
     </span>
     <span class='ocr_line' id='line_1_6' title="bbox 146 911 673 995; baseline 0.006 -24"><span class='ocrx_word' id='word_1_32' title='bbox 146 911 323 995; x_wconf 66' lang='lat' dir='ltr'>dragesime</span> <span class='ocrx_word' id='word_1_33' title='bbox 337 915 414 974; x_wconf 82' lang='lat' dir='ltr'>anni</span> <span class='ocrx_word' id='word_1_34' title='bbox 426 913 567 995; x_wconf 75' lang='lat' dir='ltr'>predicti</span> <span class='ocrx_word' id='word_1_35' title='bbox 586 914 673 974; x_wconf 81' lang='lat'>1542.</span> 
     </span>
    </p>
   </div>
   <div class='ocr_carea' id='block_1_3' title="bbox 103 1029 1263 2004">
    <p class='ocr_par' dir='ltr' id='par_1_4' title="bbox 118 1029 1263 1559">
     <span class='ocr_line' id='line_1_7' title="bbox 179 1029 1263 1113; baseline 0.005 -25"><span class='ocrx_word' id='word_1_36' title='bbox 179 1031 274 1090; x_wconf 90' lang='lat' dir='ltr'>Anno</span> <span class='ocrx_word' id='word_1_37' title='bbox 290 1030 414 1090; x_wconf 91' lang='lat' dir='ltr'>Domini</span> <span class='ocrx_word' id='word_1_38' title='bbox 433 1030 518 1104; x_wconf 78' lang='lat'>1542,</span> <span class='ocrx_word' id='word_1_39' title='bbox 537 1029 685 1091; x_wconf 82' lang='lat' dir='ltr'>uicesima</span> <span class='ocrx_word' id='word_1_40' title='bbox 698 1029 748 1090; x_wconf 89' lang='lat' dir='ltr'>die</span> <span class='ocrx_word' id='word_1_41' title='bbox 758 1030 931 1112; x_wconf 81' lang='lat' dir='ltr'>februarii,</span> <span class='ocrx_word' id='word_1_42' title='bbox 944 1053 1004 1113; x_wconf 91' lang='lat' dir='ltr'>que</span> <span class='ocrx_word' id='word_1_43' title='bbox 1015 1033 1074 1092; x_wconf 90' lang='lat' dir='ltr'>fuit</span> <span class='ocrx_word' id='word_1_44' title='bbox 1084 1032 1159 1092; x_wconf 89' lang='lat' dir='ltr'>feria</span> <span class='ocrx_word' id='word_1_45' title='bbox 1171 1033 1263 1094; x_wconf 88' lang='lat' dir='ltr'>tertia</span> 
     </span>
     <span class='ocr_line' id='line_1_8' title="bbox 136 1119 1262 1201; baseline 0.003 -22"><span class='ocrx_word' id='word_1_46' title='bbox 136 1126 211 1196; x_wconf 90' lang='lat' dir='ltr'>post</span> <span class='ocrx_word' id='word_1_47' title='bbox 223 1120 391 1180; x_wconf 90' lang='lat' dir='ltr'>secundam</span> <span class='ocrx_word' id='word_1_48' title='bbox 402 1120 586 1179; x_wconf 86' lang='lat' dir='ltr'>dominicam</span> <span class='ocrx_word' id='word_1_49' title='bbox 596 1119 847 1199; x_wconf 85' lang='lat' dir='ltr'>Quadragesime,</span> <span class='ocrx_word' id='word_1_50' title='bbox 861 1121 1018 1201; x_wconf 86' lang='lat' dir='ltr'>adjutorio</span> <span class='ocrx_word' id='word_1_51' title='bbox 1029 1122 1163 1196; x_wconf 82' lang='lat' dir='ltr'>Domini,</span> <span class='ocrx_word' id='word_1_52' title='bbox 1178 1143 1262 1182; x_wconf 88' lang='lat' dir='ltr'>com-</span> 
     </span>
     <span class='ocr_line' id='line_1_9' title="bbox 131 1207 1262 1292; baseline 0.003 -26"><span class='ocrx_word' id='word_1_53' title='bbox 131 1209 223 1286; x_wconf 91' lang='lat' dir='ltr'>pleta</span> <span class='ocrx_word' id='word_1_54' title='bbox 242 1209 308 1290; x_wconf 88' lang='lat' dir='ltr'>jam</span> <span class='ocrx_word' id='word_1_55' title='bbox 334 1207 466 1269; x_wconf 91' lang='lat' dir='ltr'>lectione</span> <span class='ocrx_word' id='word_1_56' title='bbox 491 1209 628 1269; x_wconf 90' lang='lat' dir='ltr'>omnium</span> <span class='ocrx_word' id='word_1_57' title='bbox 653 1209 804 1270; x_wconf 89' lang='lat' dir='ltr'>librorum</span> <span class='ocrx_word' id='word_1_58' title='bbox 830 1211 910 1269; x_wconf 85' lang='lat' dir='ltr'>Novi</span> <span class='ocrx_word' id='word_1_59' title='bbox 934 1212 1134 1284; x_wconf 75' lang='lat' dir='ltr'>Testamenti,</span> <span class='ocrx_word' id='word_1_60' title='bbox 1161 1211 1262 1292; x_wconf 91' lang='lat' dir='ltr'>incepi</span> 
     </span>
     <span class='ocr_line' id='line_1_10' title="bbox 128 1295 1261 1379; baseline 0.004 -24"><span class='ocrx_word' id='word_1_61' title='bbox 128 1295 253 1358; x_wconf 90' lang='lat' dir='ltr'>librum</span> <span class='ocrx_word' id='word_1_62' title='bbox 269 1298 366 1358; x_wconf 84' lang='lat' dir='ltr'>Esaie</span> <span class='ocrx_word' id='word_1_63' title='bbox 378 1299 531 1379; x_wconf 76' lang='lat' dir='ltr'>prophete</span> <span class='ocrx_word' id='word_1_64' title='bbox 547 1307 581 1358; x_wconf 89' lang='lat' dir='ltr'>ut</span> <span class='ocrx_word' id='word_1_65' title='bbox 600 1322 616 1359; x_wconf 90' lang='lat' dir='ltr'>a</span> <span class='ocrx_word' id='word_1_66' title='bbox 637 1298 716 1359; x_wconf 90' lang='lat' dir='ltr'>libro</span> <span class='ocrx_word' id='word_1_67' title='bbox 739 1300 922 1379; x_wconf 90' lang='lat' dir='ltr'>prophetico</span> <span class='ocrx_word' id='word_1_68' title='bbox 944 1301 1030 1359; x_wconf 91' lang='lat' dir='ltr'>Nove</span> <span class='ocrx_word' id='word_1_69' title='bbox 1051 1301 1142 1379; x_wconf 81' lang='lat' dir='ltr'>Legis</span> <span class='ocrx_word' id='word_1_70' title='bbox 1162 1309 1261 1360; x_wconf 84' lang='lat' dir='ltr'>trans-</span> 
     </span>
     <span class='ocr_line' id='line_1_11' title="bbox 121 1386 1260 1470; baseline 0.004 -27"><span class='ocrx_word' id='word_1_71' title='bbox 121 1386 251 1447; x_wconf 78' lang='lat' dir='ltr'>ferrem</span> <span class='ocrx_word' id='word_1_72' title='bbox 263 1388 302 1448; x_wconf 89' lang='lat' dir='ltr'>ad</span> <span class='ocrx_word' id='word_1_73' title='bbox 311 1388 423 1447; x_wconf 91' lang='lat' dir='ltr'>librum</span> <span class='ocrx_word' id='word_1_74' title='bbox 436 1389 651 1469; x_wconf 91' lang='lat' dir='ltr'>propheticum</span> <span class='ocrx_word' id='word_1_75' title='bbox 664 1389 787 1448; x_wconf 84' lang='lat' dir='ltr'>Veteris</span> <span class='ocrx_word' id='word_1_76' title='bbox 797 1390 997 1462; x_wconf 87' lang='lat' dir='ltr'>Testamenti,</span> <span class='ocrx_word' id='word_1_77' title='bbox 1011 1397 1042 1448; x_wconf 89' lang='lat' dir='ltr'>et</span> <span class='ocrx_word' id='word_1_78' title='bbox 1053 1410 1123 1448; x_wconf 93' lang='lat' dir='ltr'>cum</span> <span class='ocrx_word' id='word_1_79' title='bbox 1134 1390 1260 1470; x_wconf 93' lang='lat' dir='ltr'>quidem</span> 
     </span>
     <span class='ocr_line' id='line_1_12' title="bbox 118 1476 1151 1559; baseline 0.001 -24"><span class='ocrx_word' id='word_1_80' title='bbox 118 1478 186 1556; x_wconf 90' lang='lat' dir='ltr'>qui</span> <span class='ocrx_word' id='word_1_81' title='bbox 206 1477 325 1557; x_wconf 89' lang='lat' dir='ltr'>primus</span> <span class='ocrx_word' id='word_1_82' title='bbox 341 1476 473 1536; x_wconf 90' lang='lat' dir='ltr'>habetur</span> <span class='ocrx_word' id='word_1_83' title='bbox 487 1476 569 1537; x_wconf 89' lang='lat' dir='ltr'>inter</span> <span class='ocrx_word' id='word_1_84' title='bbox 583 1477 679 1536; x_wconf 90' lang='lat' dir='ltr'>libros</span> <span class='ocrx_word' id='word_1_85' title='bbox 696 1479 896 1559; x_wconf 91' lang='lat' dir='ltr'>propheticos</span> <span class='ocrx_word' id='word_1_86' title='bbox 912 1479 1034 1538; x_wconf 87' lang='lat' dir='ltr'>Veteris</span> <span class='ocrx_word' id='word_1_87' title='bbox 1051 1479 1151 1557; x_wconf 80' lang='lat' dir='ltr'>Legis.</span> 
     </span>
    </p>

    <p class='ocr_par' dir='ltr' id='par_1_5' title="bbox 103 1565 1260 2004">
     <span class='ocr_line' id='line_1_13' title="bbox 173 1565 1260 1650; baseline 0.004 -26"><span class='ocrx_word' id='word_1_88' title='bbox 173 1567 217 1626; x_wconf 90' lang='lat' dir='ltr'>Et</span> <span class='ocrx_word' id='word_1_89' title='bbox 232 1566 263 1625; x_wconf 95' lang='lat' dir='ltr'>in</span> <span class='ocrx_word' id='word_1_90' title='bbox 275 1586 309 1625; x_wconf 87' lang='lat' dir='ltr'>ca</span> <span class='ocrx_word' id='word_1_91' title='bbox 325 1565 456 1626; x_wconf 89' lang='lat' dir='ltr'>lectione</span> <span class='ocrx_word' id='word_1_92' title='bbox 473 1565 657 1626; x_wconf 89' lang='lat' dir='ltr'>denunciavi</span> <span class='ocrx_word' id='word_1_93' title='bbox 673 1567 828 1627; x_wconf 87' lang='lat' dir='ltr'>auditorio</span> <span class='ocrx_word' id='word_1_94' title='bbox 840 1588 889 1626; x_wconf 92' lang='lat' dir='ltr'>me</span> <span class='ocrx_word' id='word_1_95' title='bbox 904 1589 965 1626; x_wconf 92' lang='lat' dir='ltr'>non</span> <span class='ocrx_word' id='word_1_96' title='bbox 981 1567 1135 1627; x_wconf 81' lang='lat' dir='ltr'>facturum</span> <span class='ocrx_word' id='word_1_97' title='bbox 1152 1576 1260 1650; x_wconf 87' lang='lat' dir='ltr'>postea</span> 
     </span>
     <span class='ocr_line' id='line_1_14' title="bbox 110 1651 1259 1739; baseline 0.007 -30"><span class='ocrx_word' id='word_1_98' title='bbox 110 1651 221 1714; x_wconf 87' lang='lat' dir='ltr'>illam</span> <span class='ocrx_word' id='word_1_99' title='bbox 243 1655 407 1714; x_wconf 88' lang='lat' dir='ltr'>lectionem</span> <span class='ocrx_word' id='word_1_100' title='bbox 433 1653 630 1722; x_wconf 80' lang='lat' dir='ltr'>ordinariam,</span> <span class='ocrx_word' id='word_1_101' title='bbox 652 1656 709 1715; x_wconf 91' lang='lat' dir='ltr'>nisi</span> <span class='ocrx_word' id='word_1_102' title='bbox 731 1656 825 1715; x_wconf 90' lang='lat' dir='ltr'>semel</span> <span class='ocrx_word' id='word_1_103' title='bbox 850 1656 1000 1716; x_wconf 85' lang='lat' dir='ltr'>duntaxat</span> <span class='ocrx_word' id='word_1_104' title='bbox 1024 1657 1055 1716; x_wconf 95' lang='lat' dir='ltr'>in</span> <span class='ocrx_word' id='word_1_105' title='bbox 1077 1678 1259 1739; x_wconf 87' lang='lat' dir='ltr'>unaquaque</span> 
     </span>
     <span class='ocr_line' id='line_1_15' title="bbox 107 1741 1258 1824; baseline 0.004 -23"><span class='ocrx_word' id='word_1_106' title='bbox 107 1741 341 1816; x_wconf 87' lang='lat' dir='ltr'>hebdomada,</span> <span class='ocrx_word' id='word_1_107' title='bbox 358 1751 485 1824; x_wconf 90' lang='lat' dir='ltr'>propter</span> <span class='ocrx_word' id='word_1_108' title='bbox 498 1744 727 1805; x_wconf 85' lang='lat' dir='ltr'>hebetationem</span> <span class='ocrx_word' id='word_1_109' title='bbox 743 1745 903 1806; x_wconf 89' lang='lat' dir='ltr'>oculorum</span> <span class='ocrx_word' id='word_1_110' title='bbox 916 1754 946 1805; x_wconf 91' lang='lat' dir='ltr'>et</span> <span class='ocrx_word' id='word_1_111' title='bbox 961 1753 1074 1806; x_wconf 87' lang='lat' dir='ltr'>etatem</span> <span class='ocrx_word' id='word_1_112' title='bbox 1090 1747 1258 1807; x_wconf 86' lang='lat' dir='ltr'>admodum</span> 
     </span>
     <span class='ocr_line' id='line_1_16' title="bbox 104 1833 1257 1916; baseline 0.004 -25"><span class='ocrx_word' id='word_1_113' title='bbox 104 1853 274 1911; x_wconf 79' lang='lat' dir='ltr'>gravem,</span> <span class='ocrx_word' id='word_1_114' title='bbox 291 1833 330 1893; x_wconf 90' lang='lat' dir='ltr'>ad</span> <span class='ocrx_word' id='word_1_115' title='bbox 351 1834 411 1895; x_wconf 89' lang='lat' dir='ltr'>hoc</span> <span class='ocrx_word' id='word_1_116' title='bbox 431 1833 626 1915; x_wconf 90' lang='lat' dir='ltr'>potissimum</span> <span class='ocrx_word' id='word_1_117' title='bbox 646 1835 791 1895; x_wconf 90' lang='lat' dir='ltr'>inductus</span> <span class='ocrx_word' id='word_1_118' title='bbox 813 1835 943 1896; x_wconf 91' lang='lat' dir='ltr'>consilio</span> <span class='ocrx_word' id='word_1_119' title='bbox 963 1836 1103 1916; x_wconf 85' lang='lat' dir='ltr'>gravium</span> <span class='ocrx_word' id='word_1_120' title='bbox 1119 1836 1257 1896; x_wconf 91' lang='lat' dir='ltr'>virorum</span> 
     </span>
     <span class='ocr_line' id='line_1_17' title="bbox 103 1921 633 2004; baseline 0 -22"><span class='ocrx_word' id='word_1_121' title='bbox 103 1923 186 2004; x_wconf 93' lang='lat' dir='ltr'>qui</span> <span class='ocrx_word' id='word_1_122' title='bbox 204 1922 248 1983; x_wconf 85' lang='lat' dir='ltr'>ita</span> <span class='ocrx_word' id='word_1_123' title='bbox 266 1921 439 1983; x_wconf 86' lang='lat' dir='ltr'>faciendum</span> <span class='ocrx_word' id='word_1_124' title='bbox 455 1922 633 1983; x_wconf 88' lang='lat' dir='ltr'>censebant.</span> 
     </span>
    </p>
   </div>
   <div class='ocr_carea' id='block_1_4' title="bbox 103 2039 1274 2655">
    <p class='ocr_par' dir='ltr' id='par_1_6' title="bbox 103 2039 1274 2655">
     <span class='ocr_line' id='line_1_18' title="bbox 172 2039 1257 2120; baseline 0.004 -23"><span class='ocrx_word' id='word_1_125' title='bbox 172 2039 258 2098; x_wconf 84' lang='lat' dir='ltr'>Nota</span> <span class='ocrx_word' id='word_1_126' title='bbox 274 2046 387 2099; x_wconf 85' lang='lat' dir='ltr'>tamen.</span> <span class='ocrx_word' id='word_1_127' title='bbox 412 2075 450 2083; x_wconf 89' lang='lat'><em>-</em></span> <span class='ocrx_word' id='word_1_128' title='bbox 475 2040 509 2097; x_wconf 90' lang='lat' dir='ltr'>ln</span> <span class='ocrx_word' id='word_1_129' title='bbox 532 2040 681 2099; x_wconf 90' lang='lat' dir='ltr'>annotino</span> <span class='ocrx_word' id='word_1_130' title='bbox 706 2039 823 2101; x_wconf 88' lang='lat' dir='ltr'>Pasche</span> <span class='ocrx_word' id='word_1_131' title='bbox 846 2061 907 2100; x_wconf 93' lang='lat' dir='ltr'>non</span> <span class='ocrx_word' id='word_1_132' title='bbox 931 2048 977 2099; x_wconf 91' lang='lat' dir='ltr'>cst</span> <span class='ocrx_word' id='word_1_133' title='bbox 1000 2040 1257 2120; x_wconf 88' lang='lat' dir='ltr'>pretermittenda</span> 
     </span>
     <span class='ocr_line' id='line_1_19' title="bbox 103 2125 1256 2210; baseline 0.006 -27"><span class='ocrx_word' id='word_1_134' title='bbox 103 2125 228 2189; x_wconf 83' lang='lat' dir='ltr'>lectio</span> <span class='ocrx_word' id='word_1_135' title='bbox 251 2128 407 2208; x_wconf 87' lang='lat' dir='ltr'>theologie</span> <span class='ocrx_word' id='word_1_136' title='bbox 431 2129 584 2189; x_wconf 89' lang='lat' dir='ltr'>ordinaria</span> <span class='ocrx_word' id='word_1_137' title='bbox 611 2130 642 2188; x_wconf 98' lang='lat' dir='ltr'>in</span> <span class='ocrx_word' id='word_1_138' title='bbox 672 2130 768 2189; x_wconf 95' lang='lat' dir='ltr'>choro</span> <span class='ocrx_word' id='word_1_139' title='bbox 794 2137 863 2210; x_wconf 91' lang='lat' dir='ltr'>post</span> <span class='ocrx_word' id='word_1_140' title='bbox 893 2130 1072 2204; x_wconf 88' lang='lat' dir='ltr'>Matutinas,</span> <span class='ocrx_word' id='word_1_141' title='bbox 1097 2138 1163 2190; x_wconf 93' lang='lat' dir='ltr'>tum</span> <span class='ocrx_word' id='word_1_142' title='bbox 1186 2132 1256 2210; x_wconf 89' lang='lat' dir='ltr'>quia</span> 
     </span>
     <span class='ocr_line' id='line_1_20' title="bbox 110 2215 1274 2300; baseline 0.001 -23"><span class='ocrx_word' id='word_1_143' title='bbox 110 2215 291 2278; x_wconf 79' lang='lat' dir='ltr'>Matutine</span> <span class='ocrx_word' id='word_1_144' title='bbox 303 2218 402 2277; x_wconf 93' lang='lat' dir='ltr'>solum</span> <span class='ocrx_word' id='word_1_145' title='bbox 418 2225 490 2277; x_wconf 89' lang='lat' dir='ltr'>sunt</span> <span class='ocrx_word' id='word_1_146' title='bbox 504 2225 538 2277; x_wconf 92' lang='lat' dir='ltr'>ut</span> <span class='ocrx_word' id='word_1_147' title='bbox 555 2220 668 2278; x_wconf 85' lang='lat' dir='ltr'>festum</span> <span class='ocrx_word' id='word_1_148' title='bbox 684 2218 814 2298; x_wconf 86' lang='lat' dir='ltr'>simplex</span> <span class='ocrx_word' id='word_1_149' title='bbox 830 2226 861 2277; x_wconf 89' lang='lat' dir='ltr'>et</span> <span class='ocrx_word' id='word_1_150' title='bbox 874 2240 933 2277; x_wconf 89' lang='lat' dir='ltr'>non</span> <span class='ocrx_word' id='word_1_151' title='bbox 950 2217 1075 2300; x_wconf 85' lang='lat' dir='ltr'>duplex,</span> <span class='ocrx_word' id='word_1_152' title='bbox 1094 2220 1188 2279; x_wconf 91' lang='lat' dir='ltr'>trium</span> <span class='ocrx_word' id='word_1_153' title='bbox 1198 2221 1274 2287; x_wconf 82' lang='lat' dir='ltr'>sci-,</span> 
     </span>
     <span class='ocr_line' id='line_1_21' title="bbox 108 2304 1257 2387; baseline 0.003 -22"><span class='ocrx_word' id='word_1_154' title='bbox 108 2304 210 2366; x_wconf 87' lang='lat' dir='ltr'>licet</span> <span class='ocrx_word' id='word_1_155' title='bbox 225 2307 413 2387; x_wconf 88' lang='lat' dir='ltr'>psalmorum</span> <span class='ocrx_word' id='word_1_156' title='bbox 429 2314 460 2366; x_wconf 89' lang='lat' dir='ltr'>et</span> <span class='ocrx_word' id='word_1_157' title='bbox 474 2307 567 2366; x_wconf 91' lang='lat' dir='ltr'>trium</span> <span class='ocrx_word' id='word_1_158' title='bbox 585 2307 751 2367; x_wconf 90' lang='lat' dir='ltr'>lectionum</span> <span class='ocrx_word' id='word_1_159' title='bbox 768 2329 837 2367; x_wconf 93' lang='lat' dir='ltr'>cum</span> <span class='ocrx_word' id='word_1_160' title='bbox 852 2309 912 2366; x_wconf 89' lang='lat' dir='ltr'>ritu</span> <span class='ocrx_word' id='word_1_161' title='bbox 929 2316 960 2367; x_wconf 90' lang='lat' dir='ltr'>et</span> <span class='ocrx_word' id='word_1_162' title='bbox 973 2309 1149 2368; x_wconf 92' lang='lat' dir='ltr'>cerimoniis</span> <span class='ocrx_word' id='word_1_163' title='bbox 1166 2309 1257 2369; x_wconf 92' lang='lat' dir='ltr'>unius</span> 
     </span>
     <span class='ocr_line' id='line_1_22' title="bbox 108 2395 1256 2479; baseline 0.004 -26"><span class='ocrx_word' id='word_1_164' title='bbox 108 2395 141 2453; x_wconf 81' lang='lat' dir='ltr'><strong>f</strong></span> <span class='ocrx_word' id='word_1_165' title='bbox 141 2397 205 2456; x_wconf 90' lang='lat' dir='ltr'>esti</span> <span class='ocrx_word' id='word_1_166' title='bbox 220 2396 369 2477; x_wconf 90' lang='lat' dir='ltr'>simplicis</span> <span class='ocrx_word' id='word_1_167' title='bbox 384 2414 391 2455; x_wconf 73' lang='grc' dir='ltr'>ζ</span> <span class='ocrx_word' id='word_1_168' title='bbox 409 2403 475 2456; x_wconf 91' lang='lat' dir='ltr'>tum</span> <span class='ocrx_word' id='word_1_169' title='bbox 491 2396 562 2476; x_wconf 90' lang='lat' dir='ltr'>quia</span> <span class='ocrx_word' id='word_1_170' title='bbox 581 2418 680 2476; x_wconf 91' lang='lat' dir='ltr'>neque</span> <span class='ocrx_word' id='word_1_171' title='bbox 697 2404 770 2457; x_wconf 91' lang='lat' dir='ltr'>tunc</span> <span class='ocrx_word' id='word_1_172' title='bbox 786 2397 876 2455; x_wconf 90' lang='lat' dir='ltr'>missa</span> <span class='ocrx_word' id='word_1_173' title='bbox 895 2397 983 2456; x_wconf 89' lang='lat' dir='ltr'>beate</span> <span class='ocrx_word' id='word_1_174' title='bbox 999 2398 1136 2475; x_wconf 86' lang='lat' dir='ltr'>Virginis</span> <span class='ocrx_word' id='word_1_175' title='bbox 1157 2419 1256 2479; x_wconf 90' lang='lat' dir='ltr'>neque</span> 
     </span>
     <span class='ocr_line' id='line_1_23' title="bbox 111 2485 1256 2567; baseline 0.002 -23"><span class='ocrx_word' id='word_1_176' title='bbox 111 2485 250 2557; x_wconf 86' lang='lat' dir='ltr'>obitus,</span> <span class='ocrx_word' id='word_1_177' title='bbox 268 2485 321 2545; x_wconf 90' lang='lat' dir='ltr'>sed</span> <span class='ocrx_word' id='word_1_178' title='bbox 337 2485 436 2546; x_wconf 92' lang='lat' dir='ltr'>solum</span> <span class='ocrx_word' id='word_1_179' title='bbox 453 2506 563 2564; x_wconf 87' lang='lat' dir='ltr'>magna</span> <span class='ocrx_word' id='word_1_180' title='bbox 580 2486 683 2545; x_wconf 87' lang='lat' dir='ltr'>missa.</span> <span class='ocrx_word' id='word_1_181' title='bbox 706 2487 744 2545; x_wconf 88' lang='lat' dir='ltr'>Et</span> <span class='ocrx_word' id='word_1_182' title='bbox 763 2507 836 2566; x_wconf 89' lang='lat' dir='ltr'>ergo</span> <span class='ocrx_word' id='word_1_183' title='bbox 857 2486 989 2546; x_wconf 88' lang='lat' dir='ltr'>hahetur</span> <span class='ocrx_word' id='word_1_184' title='bbox 1009 2488 1165 2546; x_wconf 87' lang='lat' dir='ltr'>sufficiens</span> <span class='ocrx_word' id='word_1_185' title='bbox 1186 2508 1256 2567; x_wconf 84' lang='lat' dir='ltr'>spa-</span> 
     </span>
     <span class='ocr_line' id='line_1_24' title="bbox 113 2575 389 2655; baseline 0 -21"><span class='ocrx_word' id='word_1_186' title='bbox 113 2575 213 2634; x_wconf 82' lang='lat' dir='ltr'>tium</span> <span class='ocrx_word' id='word_1_187' title='bbox 228 2575 389 2655; x_wconf 89' lang='lat' dir='ltr'>temporis.</span> 
     </span>
    </p>
   </div>
   <div class='ocr_carea' id='block_1_5' title="bbox 123 2689 1255 3663">
    <p class='ocr_par' dir='ltr' id='par_1_7' title="bbox 123 2689 1255 3127">
     <span class='ocr_line' id='line_1_25' title="bbox 174 2689 1255 2771; baseline 0 -23"><span class='ocrx_word' id='word_1_188' title='bbox 174 2690 211 2749; x_wconf 94' lang='lat' dir='ltr'>ln</span> <span class='ocrx_word' id='word_1_189' title='bbox 226 2690 335 2751; x_wconf 89' lang='lat' dir='ltr'>eodem</span> <span class='ocrx_word' id='word_1_190' title='bbox 351 2689 430 2750; x_wconf 92' lang='lat' dir='ltr'>libro</span> <span class='ocrx_word' id='word_1_191' title='bbox 444 2690 643 2750; x_wconf 91' lang='lat' dir='ltr'>Clichtoveus</span> <span class='ocrx_word' id='word_1_192' title='bbox 659 2691 799 2771; x_wconf 87' lang='lat' dir='ltr'>scripsit:</span> <span class='ocrx_word' id='word_1_193' title='bbox 820 2716 833 2746; x_wconf 70' lang='grc' dir='ltr'><em>α</em></span> <span class='ocrx_word' id='word_1_194' title='bbox 849 2691 940 2750; x_wconf 91' lang='lat' dir='ltr'>Hunc</span> <span class='ocrx_word' id='word_1_195' title='bbox 956 2691 1069 2750; x_wconf 89' lang='lat' dir='ltr'>librum</span> <span class='ocrx_word' id='word_1_196' title='bbox 1085 2691 1167 2750; x_wconf 93' lang='lat' dir='ltr'>dono</span> <span class='ocrx_word' id='word_1_197' title='bbox 1180 2690 1255 2749; x_wconf 91' lang='lat' dir='ltr'>mihi</span> 
     </span>
     <span class='ocr_line' id='line_1_26' title="bbox 123 2778 1255 2852; baseline -0.001 -13"><span class='ocrx_word' id='word_1_198' title='bbox 123 2779 222 2839; x_wconf 88' lang='lat' dir='ltr'>dedit</span> <span class='ocrx_word' id='word_1_199' title='bbox 247 2778 378 2838; x_wconf 85' lang='lat' dir='ltr'>Michael</span> <span class='ocrx_word' id='word_1_200' title='bbox 408 2779 532 2851; x_wconf 88' lang='lat' dir='ltr'>Suther,</span> <span class='ocrx_word' id='word_1_201' title='bbox 558 2779 746 2839; x_wconf 78' lang='lat' dir='ltr'>Alemannus</span> <span class='ocrx_word' id='word_1_202' title='bbox 769 2780 960 2852; x_wconf 64' lang='lat' dir='ltr'>scolasticus</span> <span class='ocrx_word' id='word_1_203' title='bbox 989 2781 1018 2838; x_wconf 91' lang='lat' dir='ltr'>iu</span> <span class='ocrx_word' id='word_1_204' title='bbox 1047 2781 1157 2839; x_wconf 93' lang='lat' dir='ltr'>ultimo</span> <span class='ocrx_word' id='word_1_205' title='bbox 1185 2800 1255 2838; x_wconf 88' lang='lat' dir='ltr'>meo</span> 
     </span>
     <span class='ocr_line' id='line_1_27' title="bbox 123 2868 1255 2949; baseline -0.001 -22"><span class='ocrx_word' id='word_1_206' title='bbox 123 2889 239 2938; x_wconf 81' lang='lat' dir='ltr'>cursu,</span> <span class='ocrx_word' id='word_1_207' title='bbox 258 2888 384 2948; x_wconf 87' lang='lat' dir='ltr'>pauper,</span> <span class='ocrx_word' id='word_1_208' title='bbox 403 2869 433 2926; x_wconf 93' lang='lat' dir='ltr'>in</span> <span class='ocrx_word' id='word_1_209' title='bbox 449 2869 635 2948; x_wconf 87' lang='lat' dir='ltr'>aliquantam</span> <span class='ocrx_word' id='word_1_210' title='bbox 652 2869 890 2928; x_wconf 81' lang='lat' dir='ltr'>satisfactionem</span> <span class='ocrx_word' id='word_1_211' title='bbox 907 2890 1103 2949; x_wconf 87' lang='lat' dir='ltr'>eorumquae</span> <span class='ocrx_word' id='word_1_212' title='bbox 1120 2890 1176 2949; x_wconf 88' lang='lat' dir='ltr'>pro</span> <span class='ocrx_word' id='word_1_213' title='bbox 1184 2868 1255 2948; x_wconf 86' lang='lat' dir='ltr'>jure</span> 
     </span>
     <span class='ocr_line' id='line_1_28' title="bbox 126 2957 1254 3039; baseline 0.002 -25"><span class='ocrx_word' id='word_1_214' title='bbox 126 2957 293 3035; x_wconf 85' lang='lat' dir='ltr'>regentiae</span> <span class='ocrx_word' id='word_1_215' title='bbox 308 2957 383 3015; x_wconf 94' lang='lat' dir='ltr'>mihi</span> <span class='ocrx_word' id='word_1_216' title='bbox 398 2957 601 3029; x_wconf 89' lang='lat' dir='ltr'>debebantur,</span> <span class='ocrx_word' id='word_1_217' title='bbox 623 2978 703 3016; x_wconf 83' lang='lat' dir='ltr'>anno</span> <span class='ocrx_word' id='word_1_218' title='bbox 726 2960 811 3032; x_wconf 85' lang='lat'>1505,</span> <span class='ocrx_word' id='word_1_219' title='bbox 829 2981 858 3016; x_wconf 92' lang='lat' dir='ltr'>v.</span> <span class='ocrx_word' id='word_1_220' title='bbox 876 2966 914 3018; x_wconf 91' lang='lat' dir='ltr'>st.</span> <span class='ocrx_word' id='word_1_221' title='bbox 938 2959 988 3039; x_wconf 85' lang='lat' dir='ltr'>(B.</span> <span class='ocrx_word' id='word_1_222' title='bbox 1015 2958 1138 3031; x_wconf 74' lang='lat' dir='ltr'>Maean,</span> <span class='ocrx_word' id='word_1_223' title='bbox 1162 2959 1254 3037; x_wconf 84' lang='lat' dir='ltr'>impr.</span> 
     </span>
     <span class='ocr_line' id='line_1_29' title="bbox 127 3046 258 3127; baseline 0 -23"><span class='ocrx_word' id='word_1_224' title='bbox 127 3046 258 3127; x_wconf 79' lang='lat'>35980).</span> 
     </span>
    </p>

    <p class='ocr_par' dir='ltr' id='par_1_8' title="bbox 133 3133 1253 3283">
     <span class='ocr_line' id='line_1_30' title="bbox 176 3133 1253 3208; baseline 0.001 -15"><span class='ocrx_word' id='word_1_225' title='bbox 176 3135 276 3194; x_wconf 83' lang='lat' dir='ltr'>Infra:</span> <span class='ocrx_word' id='word_1_226' title='bbox 290 3133 352 3193; x_wconf 91' lang='lat' dir='ltr'>Pro</span> <span class='ocrx_word' id='word_1_227' title='bbox 364 3133 484 3194; x_wconf 88' lang='lat' dir='ltr'>Judoco</span> <span class='ocrx_word' id='word_1_228' title='bbox 496 3134 690 3208; x_wconf 82' lang='lat' dir='ltr'>Clichtoveo‚</span> <span class='ocrx_word' id='word_1_229' title='bbox 704 3137 852 3196; x_wconf 91' lang='lat' dir='ltr'>canonico</span> <span class='ocrx_word' id='word_1_230' title='bbox 868 3136 1051 3196; x_wconf 88' lang='lat' dir='ltr'>Carnutensi</span> <span class='ocrx_word' id='word_1_231' title='bbox 1066 3154 1073 3194; x_wconf 89' lang='lat'>:</span> <span class='ocrx_word' id='word_1_232' title='bbox 1093 3135 1253 3195; x_wconf 85' lang='lat' dir='ltr'>Moderata</span> 
     </span>
     <span class='ocr_line' id='line_1_31' title="bbox 133 3223 260 3283; baseline -0.008 0"><span class='ocrx_word' id='word_1_233' title='bbox 133 3223 260 3283; x_wconf 87' lang='lat' dir='ltr'>durant.</span> 
     </span>
    </p>

    <p class='ocr_par' dir='ltr' id='par_1_9' title="bbox 138 3310 1255 3551">
     <span class='ocr_line' id='line_1_32' title="bbox 176 3310 1252 3394; baseline 0.002 -23"><span class='ocrx_word' id='word_1_234' title='bbox 176 3314 209 3372; x_wconf 90' lang='lat' dir='ltr'>ln</span> <span class='ocrx_word' id='word_1_235' title='bbox 225 3313 305 3372; x_wconf 86' lang='lat' dir='ltr'>fine:</span> <span class='ocrx_word' id='word_1_236' title='bbox 323 3311 385 3371; x_wconf 92' lang='lat' dir='ltr'>Pro</span> <span class='ocrx_word' id='word_1_237' title='bbox 398 3310 521 3371; x_wconf 88' lang='lat' dir='ltr'>libraria</span> <span class='ocrx_word' id='word_1_238' title='bbox 535 3314 646 3392; x_wconf 85' lang='lat' dir='ltr'>regalis</span> <span class='ocrx_word' id='word_1_239' title='bbox 657 3314 778 3392; x_wconf 88' lang='lat' dir='ltr'>collegii</span> <span class='ocrx_word' id='word_1_240' title='bbox 790 3314 984 3394; x_wconf 88' lang='lat' dir='ltr'>Campaniae,</span> <span class='ocrx_word' id='word_1_241' title='bbox 998 3315 1072 3374; x_wconf 92' lang='lat' dir='ltr'>alias</span> <span class='ocrx_word' id='word_1_242' title='bbox 1085 3315 1252 3384; x_wconf 81' lang='lat' dir='ltr'>Navarrac‚</span> 
     </span>
     <span class='ocr_line' id='line_1_33' title="bbox 138 3402 1255 3481; baseline -0.001 -20"><span class='ocrx_word' id='word_1_243' title='bbox 138 3424 175 3462; x_wconf 87' lang='lat' dir='ltr'>ex</span> <span class='ocrx_word' id='word_1_244' title='bbox 191 3403 273 3462; x_wconf 93' lang='lat' dir='ltr'>dono</span> <span class='ocrx_word' id='word_1_245' title='bbox 288 3402 548 3480; x_wconf 88' lang='lat' dir='ltr'>magistriJudoei</span> <span class='ocrx_word' id='word_1_246' title='bbox 560 3403 743 3475; x_wconf 89' lang='lat' dir='ltr'>Clichtovei,</span> <span class='ocrx_word' id='word_1_247' title='bbox 761 3404 905 3463; x_wconf 88' lang='lat' dir='ltr'>Doctoris</span> <span class='ocrx_word' id='word_1_248' title='bbox 920 3403 1058 3481; x_wconf 86' lang='lat' dir='ltr'>theologi</span> <span class='ocrx_word' id='word_1_249' title='bbox 1071 3412 1101 3463; x_wconf 90' lang='lat' dir='ltr'>et</span> <span class='ocrx_word' id='word_1_250' title='bbox 1112 3403 1255 3463; x_wconf 87' lang='lat' dir='ltr'>canonici</span> 
     </span>
     <span class='ocr_line' id='line_1_34' title="bbox 140 3491 348 3551; baseline 0 -1"><span class='ocrx_word' id='word_1_251' title='bbox 140 3491 348 3551; x_wconf 84' lang='lat' dir='ltr'>Carnotensis.</span> 
     </span>
    </p>

    <p class='ocr_par' dir='ltr' id='par_1_10' title="bbox 179 3580 1252 3663">
     <span class='ocr_line' id='line_1_35' title="bbox 179 3580 1252 3663; baseline 0.001 -25"><span class='ocrx_word' id='word_1_252' title='bbox 179 3581 211 3639; x_wconf 96' lang='lat' dir='ltr'>ln</span> <span class='ocrx_word' id='word_1_253' title='bbox 233 3584 263 3639; x_wconf 83' lang='lat'>1⁰</span> <span class='ocrx_word' id='word_1_254' title='bbox 283 3580 316 3639; x_wconf 87' lang='lat' dir='ltr'>l⁰.</span> <span class='ocrx_word' id='word_1_255' title='bbox 344 3580 497 3661; x_wconf 83' lang='lat' dir='ltr'>Epistola:</span> <span class='ocrx_word' id='word_1_256' title='bbox 526 3581 671 3641; x_wconf 85' lang='lat' dir='ltr'>Nicolaus</span> <span class='ocrx_word' id='word_1_257' title='bbox 695 3583 869 3663; x_wconf 89' lang='lat' dir='ltr'>Chapusius</span> <span class='ocrx_word' id='word_1_258' title='bbox 894 3582 1052 3642; x_wconf 46' lang='lat' dir='ltr'>liudovico</span> <span class='ocrx_word' id='word_1_259' title='bbox 1077 3582 1252 3654; x_wconf 54' lang='lat' dir='ltr'>liasserreo,</span> 
     </span>
    </p>
   </div>
   <div class='ocr_carea' id='block_1_6' title="bbox 140 3668 445 3730">
    <p class='ocr_par' dir='ltr' id='par_1_11' title="bbox 140 3668 445 3730">
     <span class='ocr_line' id='line_1_36' title="bbox 140 3668 445 3730; baseline 0.007 -5"><span class='ocrx_word' id='word_1_260' title='bbox 140 3668 239 3729; x_wconf 83' lang='lat' dir='ltr'>4Kal.</span> <span class='ocrx_word' id='word_1_261' title='bbox 258 3669 338 3729; x_wconf 86' lang='lat' dir='ltr'>Nov.</span> <span class='ocrx_word' id='word_1_262' title='bbox 358 3671 445 3730; x_wconf 80' lang='lat'>1530.</span> 
     </span>
    </p>
   </div>
   <div class='ocr_carea' id='block_1_7' title="bbox 0 0 1542 5422">
    <p class='ocr_par' dir='ltr' id='par_1_12' title="bbox 0 0 1542 5422">
     <span class='ocr_line' id='line_1_37' title="bbox 0 0 1542 5422; baseline 0 6"><span class='ocrx_word' id='word_1_263' title='bbox 0 0 1542 5422; x_wconf 95' lang='lat' dir='ltr'> </span> 
     </span>
    </p>
   </div>
  </div>
 </body>
</html>
