3074 5422
687 449 845 512 ..93-

206 583 345 672 epistola
366 583 413 646 eis
436 606 452 646 a
474 584 509 648 L.
533 582 706 647 Guillardo
727 584 920 670 praemissa.
942 583 998 648 Sic
1010 583 1098 646 enim
1122 608 1156 648 se
1181 584 1327 648 habebat

206 682 394 769 episcopus.
420 707 436 742 a
463 681 559 745 Unde
589 680 836 745 formidandum
875 694 925 744 est
952 681 1060 745 adhuc
1088 682 1240 770 graviora
1268 681 1330 745 toti

206 779 463 844 Christianismo
479 778 673 865 impendere
690 779 848 865 pericula,
868 779 931 842 nisi
952 778 1077 842 labanti
1098 778 1175 843 fidei
1191 803 1329 843 succur-

206 890 256 941 rat
276 901 379 965 ocyus
398 877 550 940 universa
566 877 690 940 Christi
700 875 836 954 familia,
855 877 1004 940 censuris
1020 877 1209 963 pontifices,
1228 877 1328 941 armis

206 999 303 1064 reges
320 987 353 1038 et
368 973 550 1061 principes,
576 975 828 1038 concionatores
849 974 961 1064 gladio
987 975 1080 1038 verbi
1106 975 1180 1053 Dei,
1204 976 1328 1039 oratio-

206 1074 306 1137 nibus
331 1096 446 1135 onmes
461 1072 613 1158 vitaeque
631 1073 752 1158 prioris
775 1073 808 1136 in
831 1072 987 1136 meliores
1017 1096 1128 1136 mores
1149 1086 1328 1137 commuta·

205 1171 308 1234 tione.
324 1173 478 1233 »Horum
493 1183 691 1233 statutorum
706 1169 797 1234 aliud
813 1170 917 1233 libros
932 1170 1134 1234 hlemannos
1150 1171 1324 1258 prohibet:

206 1268 288 1332 «Ad
309 1267 565 1356 Evangeliorum
581 1268 823 1355 expositionem
840 1281 873 1331 et
887 1268 995 1356 plebis
1012 1268 1075 1332 sibi
1096 1268 1241 1332 creditae
1263 1269 1328 1332 ins·

203 1365 405 1430 tructionenr
426 1377 560 1428 utantur
575 1365 735 1453 (parochi)
751 1365 846 1429 libris
862 1378 1052 1429 sanctorum
1067 1367 1249 1429 Doctorum
1269 1368 1328 1430 Ec-

205 1463 326 1528 clesiae
345 1462 396 1526 vel
417 1463 641 1526 recentiorum
657 1464 929 1550 approbatorum,
948 1486 1015 1526 non
1031 1463 1103 1527 istis
1117 1464 1210 1527 novis
1226 1477 1258 1527 et
1273 1488 1328 1551 pc·

206 1561 350 1649 regrinis
366 1561 400 1623 in
415 1560 585 1624 Alemania
603 1560 687 1624 sorte
703 1562 896 1647 compositis
906 1573 939 1626 et
953 1561 1138 1650 impressis,
1156 1562 1221 1625 nisi
1233 1563 1326 1649 prius

206 1659 267 1722 visi
285 1658 408 1722 suerint
428 1671 461 1721 et
480 1659 644 1748 recogniti
660 1671 696 1721 ut
711 1660 794 1723 recti
814 1658 1010 1723 auctoritate
1030 1673 1155 1723 nostra.
1181 1685 1197 1719 n

252 1755 352 1820 Aliud
373 1756 529 1843 prohibet
549 1780 664 1819 omnes
681 1756 784 1820 libros
805 1756 846 1820 de
865 1757 930 1821 fide
950 1782 967 1820 a
990 1757 1030 1820 20
1051 1757 1147 1820 annis
1167 1781 1234 1820 non
1256 1781 1327 1821 exa-

208 1854 366 1918 minatos:
386 1881 403 1916 a
422 1853 457 1918 Si
474 1854 667 1941 parochiani
679 1879 763 1942 quos
779 1855 903 1918 habent
918 1855 1022 1918 libros
1036 1854 1136 1918 fidem
1152 1867 1208 1919 aut
1219 1879 1328 1919 mores

207 1965 447 2016 concernentes
468 1977 485 2016 a
505 1953 544 2016 20
562 1954 657 2016 annis
674 1955 755 2017 citra
775 1953 810 2016 in
830 1953 958 2042 vulgari
980 1978 1037 2017 seu
1058 1953 1160 2017 latino
1173 1977 1327 2018 sermone

207 2051 314 2114 editos
331 2063 466 2114 caveant
486 2075 527 2113 ne
554 2051 690 2114 eosdem
711 2052 822 2140 legant
843 2065 1020 2139 antequam
1041 2051 1122 2115 dicti
1151 2051 1228 2116 libri
1249 2075 1327 2115 exa·

207 2149 321 2212 minati
337 2148 460 2212 fuerint
480 2173 540 2236 per
560 2173 620 2212 nos
641 2162 696 2212 aut
717 2162 848 2212 nostros
870 2149 1077 2213 commissos.
1106 2176 1123 2210 n

253 2247 403 2310 Tertium
423 2247 519 2333 jubet
547 2246 735 2311 denuntiari
756 2247 914 2334 episcopo
930 2259 985 2310 aut
1010 2245 1142 2311 officiali
1169 2270 1329 2335 personas

209 2343 247 2408 de
277 2344 387 2407 heresi
409 2357 597 2432 suspectas:
623 2359 778 2432 quartum
799 2344 934 2408 tandem
962 2357 1052 2408 vetat
1073 2369 1114 2409 ne
1139 2346 1214 2433 quis
1234 2368 1328 2432 prae·

210 2441 295 2504 dicet
315 2442 379 2505 nisi
400 2442 492 2529 prius
509 2443 725 2530 approbetur.

252 2542 343 2620 Quae
355 2540 489 2627 quidem
502 2553 623 2604 statuta
634 2565 649 2603 a
668 2541 861 2605 Clichtoveo
878 2541 1086 2628 probabilius
1098 2554 1228 2606 exarata
1237 2555 1325 2608 sunt.

464 2902 605 2968 CAPUT
630 2905 839 2971 DECIMUM
866 2907 1076 2971 TERTIUM.

232 3123 392 3176 Quntlruu
413 3122 632 3163 CLlCHTOVEUS
653 3124 860 3166 Lurueunnns
880 3124 1059 3165 uocantum
1079 3126 1099 3165 A
1118 3126 1300 3166 FACULTATB

378 3221 582 3261 THEOLOGlCA
603 3222 778 3262 Pnuisutusr
799 3222 1006 3263 CONDEMNARI
1027 3223 1130 3263 CURET
1147 3200 1161 3264 l)

251 3420 476 3498 Clichtoveus,
501 3434 537 3484 ut
554 3421 588 3484 in
611 3421 790 3500 cathedris,
815 3421 912 3485 sicin
932 3421 1108 3485 Academia
1132 3421 1326 3499 Parisiensi,

203 3519 391 3583 Lutherum
413 3519 597 3582 insectatus
617 3532 678 3596 cst,
703 3522 836 3607 jamque
857 3519 1000 3583 vidimus
1025 3543 1122 3607 quam
1143 3532 1270 3606 partem
1296 3520 1330 3583 in

208 3616 353 3681 diversis
385 3616 556 3680 Sorbonae
579 3629 694 3680 contra
723 3617 944 3681 Lutheranam
978 3617 1165 3681 doctrinam
1194 3616 1330 3704 judiciis

205 3713 345 3778 obierit.
366 3715 527 3801 Superest
544 3727 577 3777 ut
588 3715 705 3777 horum
719 3714 922 3802 judiciorum
941 3715 1071 3803 abipso
1088 3715 1331 3779 elaboratorum

206 3823 365 3876 naturam
380 3811 514 3898 penitus
529 3812 778 3902 investigemus.

251 3910 493 3974 Determz'natto
528 3910 715 3975 Facultates
749 3912 961 3999 theologicae,
1001 3913 1054 3975 15a
1091 3904 1216 3999 Aprilis
1246 3912 1327 3975 1521

204 4007 433 4097 promulgata,
464 4007 526 4070 suit
556 4007 781 4071 doctrinarum
806 4021 877 4072 tum
907 4008 1143 4073 catholicarum
1163 4021 1233 4072 tum
1252 4009 1332 4073 hae-

204 4105 390 4170 reticarum
419 4119 484 4169 tarn
520 4107 670 4193 praecisa
700 4119 732 4169 ct
756 4107 920 4194 completa
940 4105 1132 4184 delineatio,
1168 4119 1203 4170 ut
1237 4107 1332 4196 quasi

206 4203 429 4291 praecipuum
446 4216 523 4267 ante
544 4204 730 4268 Concilium
752 4204 983 4268 'l'ridentinum
1000 4203 1077 4268 fidei
1098 4204 1332 4269 documentum

207 4301 314 4365 luerit
333 4301 457 4363 habita.
478 4303 514 4364 ln
529 4304 622 4388 cujus
638 4302 867 4389 praeambulo,
889 4326 1005 4366 manus
1031 4302 1138 4390 perita
1157 4303 1220 4366 viri
1235 4303 1333 4368 simul

209 4398 375 4486 theologi,
398 4398 519 4462 cruditi
541 4413 573 4462 et
592 4399 741 4478 litterati,
764 4400 936 4463 evidenter
959 4424 993 4464 se
1018 4400 1142 4487 prodit.
1170 4401 1333 4464 Lutherus

213 4496 260 4558 ibi
272 4520 289 4558 a
302 4497 495 4561 Clichtovec
512 4511 780 4584 repraesentatur
795 4498 1011 4585 semetipsum
1028 4521 1127 4585 super
1148 4499 1334 4562 universam

215 4593 399 4672 ecclesiam,
418 4618 533 4658 omncs
556 4595 706 4676 Scholas,
726 4619 840 4660 omnes
855 4597 1030 4676 Doctores,
1053 4596 1227 4684 omniaque
1245 4597 1333 4660 Con-
