3074 5422
605 425 763 485 ,91-

128 559 289 624 53331351.
316 588 332 621 »
360 560 426 625 Sed
451 561 556 649 magis
578 558 762 623 exardescit
787 560 976 648 aliquando,
1004 585 1104 648 quum
1127 585 1183 624 eos
1210 575 1246 626 ut

125 658 447 747 pseudo-prophetas
480 658 625 746 fideique
651 659 765 721 hostes
790 658 980 722 denuntiat:
1009 685 1024 720 a
1051 661 1125 724 Non
1149 660 1245 746 pauci

125 757 185 820 hac
207 770 319 820 nostra
334 769 531 844 tempestate
553 755 731 819 delirantes
747 755 901 819 homines
920 756 998 820 huic
1017 769 1149 820 nostrae
1167 757 1245 822 Gal-

125 854 187 918 liae
208 854 355 918 confines
376 867 549 942 praetextu
574 867 643 917 tum
667 853 765 916 131533
787 853 959 942 religionis
979 867 1048 917 tum
1071 855 1245 918 humanio-

124 977 197 1016 rum
214 952 491 1016 1111313133113153
506 950 721 1039 persuasione
736 951 876 1041 turgidi,
892 953 925 1014 in
942 953 1066 1016 cultum
1082 951 1242 1031 divinum,

124 1051 158 1114 in
179 1052 340 1138 majorum
362 1051 558 1141 religionem
577 1062 627 1113 131
643 1053 711 1136 jam
733 1063 808 1113 ante
824 1051 965 1114 saeculis
982 1063 1014 1113 et
1029 1063 1196 1137 receptam
1212 1064 1245 1115 et

124 1148 236 1212 divino
252 1149 347 1236 quasi
368 1148 512 1237 quodam
530 1151 604 1234 jure
626 1147 823 1224 institutam,
843 1147 875 1210 in
892 1161 1082 1211 sanctorum
1100 1148 1244 1235 denique

123 1246 411 1310 venerationem...
435 1247 558 1334 apertis
585 1244 733 1309 faucibus
754 1268 814 1331 pro
836 1245 997 1335 singulari
1022 1271 1080 1310 sua
1104 1245 1244 1310 libidine

124 1346 163 1408 ab
180 1345 271 1408 omni
292 1344 419 1407 ratione
439 1344 572 1432 penitus
597 1344 703 1407 aliena
727 1342 985 1407 debacchantur.
1009 1343 1117 1432 htque
1138 1344 1181 1407 113
1211 1358 1245 1408 31

123 1442 355 1507 lubentissime
380 1443 570 1533 religiosam
593 1441 854 1505 orthodoxorum
880 1442 1137 1506 christianorum
1158 1467 1244 1505 rem·

123 1541 334 1631 publicam...
356 1554 512 1628 tanquam
526 1540 722 1603 daemonum
737 1563 860 1630 organa
881 1552 914 1602 31
934 1540 1153 1604 135113313313
1174 1540 1244 1604 133-

124 1640 214 1704 ditus
246 1652 444 1717 everterent,
474 1639 539 1701 nisi
572 1639 633 1701 viri
657 1638 781 1725 pietate
809 1661 845 1700 ac
872 1636 1023 1701 doctrina
1050 1639 1241 1729 insignes..

125 1763 239 1802 eorum
261 1737 405 1802 malitiae
421 1736 646 1800 resisterent?
667 1762 683 1796 »

170 1836 248 1899 lllos
268 1836 419 1899 homines
442 1835 531 1898 omni
556 1858 661 1922 poena
687 1833 805 1922 dignos
827 1833 965 1920 judicat,
991 1847 1023 1897 et
1050 1835 1119 1922 ipsa
1146 1834 1243 1898 etiam

125 1948 243 2011 morte,
263 1934 325 1997 nisi
341 1932 488 1997 timenda
505 1933 548 1996 sit
569 1932 699 1996 seditio.
724 1960 740 1994 «
764 1932 904 2015 Quando
924 1933 1071 2020 perversi
1090 1932 1243 1996 homines

125 2046 157 2096 et
169 2032 312 2118 improbi
324 2044 379 2096 aut
391 2031 488 2095 etiam
501 2030 725 2118 perditissima
739 2030 983 2094 haereticorum
995 2031 1159 2119 dogmata,
1178 2032 1243 2094 imo

125 2143 157 2194 et
173 2131 238 2217 ipsi
253 2130 412 2193 haeretici
433 2154 499 2192 333
516 2141 657 2216 possunt
677 2129 848 2192 commode
870 2130 999 2193 sustolli
1016 2143 1049 2193 et
1064 2129 1185 2193 auferri
1202 2130 1242 2193 de

123 2228 232 2292 medio
248 2227 408 2303 fidelium,
431 2227 495 2290 nisi
516 2251 590 2290 cum
609 2227 700 2315 gravi
721 2226 888 2304 scandalo,
910 2227 1059 2315 periculo
1076 2240 1108 2291 et
1124 2227 1243 2292 damno

124 2327 304 2403 Ecclesiae,
323 2325 398 2413 quia
414 2326 496 2388 tales
509 2325 642 2413 tyranni
653 2337 684 2387 et
696 2338 929 2411 persecutores
941 2326 1109 2389 Ecclesiae
1121 2326 1243 2389 multos

122 2425 247 2488 habent
267 2424 446 2511 complices
468 2448 545 2487 suae
557 2422 701 2486 malitiae
718 2436 750 2485 et
766 2422 985 2487 adhaerentes
1002 2423 1061 2502 eis,
1084 2449 1143 2512 per
1159 2449 1242 2512 ques

121 2522 346 2586 verisimiliter
368 2521 585 2585 suscitaretur
600 2521 709 2609 gravis
726 2520 848 2584 seditio
870 2535 902 2585 et
927 2522 1103 2585 commotio
1123 2523 1157 2585 in
1179 2525 1241 2586 Ec-

123 2620 234 2698 clesia,
258 2633 291 2683 et
306 2619 445 2683 13113553
462 2620 723 2683 committeretur
744 2619 863 2682 caedes
884 2633 916 2683 et
937 2619 1059 2683 occisio
1080 2619 1239 2698 fidelium,

122 2732 201 2783 tunc
218 2718 259 2782 ad
277 2731 408 2806 tempus
423 2718 589 2781 tolerandi
614 2732 690 2782 sunt
714 2719 848 2804 tyranni
874 2731 905 2780 et
927 2718 1098 2796 haeretici,
1122 2742 1158 2781 ac
1183 2743 1241 2805 pa·

123 2818 246 2880 tienter
263 2816 403 2892 serendi,
422 2816 531 2903 quoad
547 2817 731 2880 occurrerit
744 2816 825 2878 hora
842 2841 899 2879 cos
915 2816 1064 2906 legitime
1081 2816 1242 2903 puniendi

123 2928 155 2978 et
182 2913 369 3001 extirpandi
396 2914 467 2977 sine
497 2913 609 3001 aliquo
637 2914 792 2977 scandalo
816 2927 871 2977 aut
893 2913 1139 2977 incommmodo
1160 2914 1242 2978 fide-

122 3013 201 3077 lium
224 3039 253 3076 11.
277 3018 337 3076 Ast
354 3013 409 3076 ubi
426 3013 507 3075 hacc
524 3026 723 3076 evanescunt
740 3011 964 3075 incommoda:
984 3012 1241 3077 «malefactores

122 3111 248 3199 publici
268 3123 299 3173 et
328 3111 505 3197 praecipue
527 3110 686 3175 haeretici
723 3123 800 3174 5331
833 3109 1016 3174 secundum
1045 3111 1130 3174 viam
1155 3111 1241 3198 juris

122 3209 255 3296 publice
271 3208 444 3295 puniendi,
462 3209 517 3271 ubi
533 3209 747 3295 pertinaciter
759 3221 909 3296 perstant
923 3209 957 3270 in
974 3233 1031 3272 sua
1048 3208 1178 3272 haeresi
1193 3207 1238 3271 »³.

167 3309 203 3370 13
225 3305 360 3393 synodis
381 3319 489 3369 331331
510 3307 614 3394 magis
636 3307 853 3370 invehebatur
870 3319 984 3371 contra
999 3306 1241 3371 haereticorum

122 3429 259 3492 operum
272 3402 522 3483 translatorcs⁴3
542 3432 558 3466 3
577 3407 693 3468 Nonne
711 3404 862 3468 doctrina
882 3404 1131 3468 daemoniorum
1154 3406 1241 3469 exis-

120 3502 231 3565 timari
252 3501 364 3579 debet,
387 3501 466 3588 (oro)
488 3503 642 3590 impietas
663 3503 862 3579 Lutherana,
882 3503 1110 3590 superioribus
1145 3505 1240 3567 annis

121 3601 238 3663 oborta
277 3613 309 3663 et
342 3600 532 3663 universum
567 3600 762 3663 concutiens
798 3601 913 3664 orbem
955 3601 1238 3665 christianuml...

122 3698 230 3786 Digna
251 3697 400 3784 prolecto
421 3700 467 3784 (ut
488 3699 588 3761 semel
610 3698 700 3785 quod
721 3697 829 3761 sentio
850 3698 1026 3786 proferam)
1049 3724 1131 3787 quae
1155 3723 1241 3787 pon·

105 3796 222 3876 tificia
239 3797 440 3859 authoritate
456 3796 604 3860 funditus
620 3796 808 3860 succidatur
825 3809 857 3860 ct
873 3796 1072 3875 eradicetur,
1087 3823 1128 3860 33
1145 3821 1240 3861 53313

119 3918 283 3958 venenum
304 3895 337 3956 in
359 3894 471 3981 plures
488 3893 635 3958 effundat
660 3918 696 3958 ac
717 3895 815 3958 131135
841 3895 1051 3984 dispergat...
1075 3895 1125 3959 hd
1151 3895 1240 3983 qued

120 3991 366 4056 incommodum
395 3993 492 4056 citius
520 3992 728 4056 inserendum
750 3993 921 4072 ecclesiae,
953 3994 1132 4081 plurimum
1163 3993 1241 4057 13311

120 4091 273 4155 13333135
288 4090 421 4154 11131313
437 4090 572 4153 laboret
586 4092 698 4169 sudor,
721 4092 777 4180 qui
793 4092 868 4179 plus
883 4116 989 4179 aequo
1003 4094 1145 4156 Luthero
1161 4091 1239 4179 dog·

155 4316 179 4365 1.
203 4316 358 4371 Sermones,
376 4312 634 4384 Quentcl,1550,p.
653 4318 712 4368 118.
731 4314 821 4366 Sermo
834 4315 866 4366 V.
884 4315 1003 4366 Paschae.

155 4387 180 4436 2.
203 4382 293 4435 Sermo
307 4384 354 4437 Ill.
368 4384 508 4442 Trinitatis,
523 4405 548 4455 p.
565 4388 624 4438 164.

157 4459 181 4506 3.
205 4454 296 4506 Sermo
309 4455 418 4506 Octavac
432 4456 574 4512 Trinitatis.
592 4477 616 4527 p.
638 4461 702 4516 aar,
718 4487 750 4494 —
767 4457 825 4509 vido
839 4459 917 4509 ctiam
931 4457 1082 4510 Sermonem
1097 4459 1173 4512 deso
1188 4462 1239 4513 Bc·

119 4528 231 4585 nedicto,
248 4527 280 4578 dc
296 4527 327 4578 S0
342 4527 498 4596 Augustino,
513 4529 540 4578 in
553 4529 594 4579 die
609 4529 743 4580 Cinerum.

156 4601 180 4650 4.
203 4598 267 4650 Vide
283 4598 418 4650 Sermones
432 4599 463 4650 ad
478 4600 619 4652 sacerdotes
634 4601 828 4661 attendam,
845 4601 885 4653 ed.
904 4600 1025 4667 Quentcl,
1045 4605 1123 4656 1550.
