3098 5422
803 416 961 476 ...12-

330 553 456 617 Erasmi
474 552 615 628 amiens3
631 550 824 626 rpratavia,
842 549 1024 613 Aventinus
1039 549 1147 612 dictus
1164 551 1328 625 'l'urmair,
1345 553 1446 639 hujus

330 650 472 714 nationis
503 663 617 736 postea
655 648 960 734 historiograplrus3
996 672 1035 710 ex
1073 648 1263 725 Germania,
1301 649 1446 713 Michael

329 748 463 836 quidem
485 749 618 824 Suther,
643 745 729 808 idem
752 745 939 833 forsan‘qui
969 745 1061 808 ducis
1083 748 1204 809 llessae
1225 747 1446 811 cancellarius

329 846 442 923 evasit,
461 858 493 909 et
515 844 647 907 tandem
668 868 706 907 ex
729 843 897 931 Hispania,
921 842 1053 931 quidam
1070 841 1218 907 hlvarus.
1239 846 1329 907 lnter
1345 869 1442 933 quos,

328 944 440 1031 plures
472 968 537 1007 non
564 955 692 1006 tantum
718 942 895 1028 Magistros
929 966 1005 1004 snos
1035 940 1225 1018 audiebant,
1259 942 1318 1005 sed
1348 956 1381 1006 et
1411 944 1446 1006 iu

329 1041 485 1128 operibus
504 1039 642 1103 edendis
661 1039 870 1127 adjuvabant.
889 1041 1030 1102 loannes
1047 1038 1179 1102 Solidus
1199 1040 1444 1119 Craoovicusis,

329 1139 384 1227 qui
400 1163 510 1201 comes
531 1138 638 1201 Fahro
660 1137 692 1200 in
712 1137 776 1201 aliu
798 1137 916 1201 itinere
938 1139 1084 1201 Romano
1105 1161 1191 1200 anno
1215 1139 1299 1201 1500
1324 1137 1443 1217 suerat,

328 1236 369 1299 ad
385 1236 532 1324 ejusdem
549 1235 722 1299 utilitatem
736 1234 856 1298 librum
866 1235 927 1298 lob
937 1234 1164 1321 transcripsit:
1184 1235 1318 1298 Solidus
1330 1236 1444 1314 etiam,

329 1359 400 1398 cum
421 1334 574 1424 Volgatio
596 1333 758 1407 Prateusi‚
779 1344 937 1396 tractatus
963 1332 1123 1420 quosdam
1147 1333 1315 1420 mysticos,
1345 1335 1446 1398 Fabri

329 1433 473 1509 nomine,
498 1444 623 1495 attente
644 1431 767 1494 revisit.
793 1431 971 1493 Rhenanus
994 1430 1072 1493 item
1093 1442 1125 1493 et
1146 1433 1263 1495 Petrus
1284 1430 1325 1495 dc
1347 1433 1444 1496 Porta

329 1530 472 1594 similem
488 1530 679 1593 Clichtoveo
695 1553 830 1616 operam
849 1529 1057 1616 praestitere.

372 1630 507 1692 Praeter
530 1627 611 1690 istos
643 1625 845 1690 memorandi
874 1640 949 1690 sunt
971 1625 1019 1689 illi
1050 1626 1111 1689 viri
1138 1625 1267 1690 nobiles
1293 1627 1445 1691 simulet

330 1725 478 1799 litterati,
506 1725 627 1812 quibus
656 1725 761 1787 nostri
785 1724 898 1811 plnres
923 1748 963 1787 ex
990 1724 1057 1787 suis
1088 1724 1183 1787 libris
1217 1725 1412 1789 dedicavere
1437 1752 1442 1788 :

329 1826 513 1886 Germanus
543 1823 677 1910 quidem
705 1824 858 1909 Ganayus
884 1821 938 1907 (de
963 1824 1101 1909 (lanay),
1127 1822 1272 1885 virorum
1297 1824 1445 1887 omnium
1484 1821 1486 1826 ’

327 1922 498 1985 doctorum
513 1921 716 2007 maximeque
730 1920 827 1983 Fabri
844 1933 1014 2007 patronus,
1035 1921 1223 2006 Stephanus
1240 1921 1337 1983 etiam
1356 1924 1445 1985 Pon-
1526 1942 1529 1947 ’

328 2020 471 2095 chorius,
489 2017 704 2082 cancellarius
720 2017 843 2105 regius,
863 2019 1051 2104 Stephanus
1069 2017 1252 2095 Ferrarius,
1272 2043 1348 2081 mox
1364 2022 1445 2083 Ver-

328 2117 482 2180 eellensis
502 2116 689 2203 episcopus,
708 2118 850 2179 loannes
868 2115 1035 2192 Molinari,
1054 2127 1086 2178 et
1106 2115 1280 2203 Philippus
1298 2118 1445 2204 Praepo-

328 2215 409 2277 situs
420 2213 662 2289 Atrebatensis,
680 2226 712 2276 et
725 2214 811 2277 inter
827 2238 940 2276 omnes
956 2212 1236 2276 eminentissimus
1252 2214 1443 2302 episeopus,

328 2311 525 2376 Guillelmus
540 2311 773 2375 Brieonnctns

372 2409 648 2473 Briconnetorum
669 2408 808 2473 samilia¹
825 2433 864 2472 ex
880 2408 1046 2496 provincia
1067 2409 1252 2472 'l'uronensi
1273 2422 1357 2488 orta,
1377 2413 1445 2497 jam

330 2508 391 2570 sub
412 2531 490 2595 rege
514 2507 633 2572 Carolo
655 2508 744 2572 Vlll⁰
768 2506 946 2570 altissimos
967 2506 1001 2569 in
1017 2506 1163 2569 Ecclesia
1181 2520 1213 2570 et
1229 2507 1300 2570 aula
1323 2507 1445 2595 gradus

329 2605 533 2692 occupabat:
562 2628 646 2668 nnus
679 2605 811 2692 quidem
843 2605 1038 2669 Rhemensis
1070 2605 1340 2693 archiepiscopus
1370 2606 1442 2684 fuit,

329 2702 411 2765 alter
432 2727 448 2766 a
468 2702 682 2766 Maeloviensi
699 2702 776 2766 sede
792 2703 832 2766 ad
853 2703 1072 2766 Rhomensem
1090 2714 1122 2765 et
1137 2702 1177 2765 ad
1194 2704 1444 2767 Narbonensem

327 2800 506 2863 translatus
528 2812 628 2863 estet
648 2800 688 2863 ad
705 2800 944 2864 cardinalatum
966 2800 1026 2863 luit
1045 2814 1225 2887 promotus.
1245 2803 1321 2877 lste,
1341 2803 1445 2889 prius·

329 2922 425 2986 quam
442 2897 662 2961 sacerdotium
680 2897 922 2986 ingrederetur,
941 2898 1150 2961 matrimonio
1162 2911 1344 2976 contractu,
1364 2899 1445 2963 duos

328 2996 413 3059 filios
424 3009 600 3085 genuerat:
612 2996 1179 3083 Dionysium,'l'olonensemprimo,
1193 2996 1314 3060 deinde
1326 2998 1445 3061 Maelo·

328 3093 474 3157 viensem
486 3093 658 3158 ettandem
671 3092 895 3157 Lodovensem
912 3094 1105 3180 episcopum
1117 3117 1124 3170 3
1138 3093 1355 3158 Guillelmum
1367 3120 1444 3183 quo-

329 3191 1445 3280 quequiluitaunoll87hodovensisepiscopus,annolhlll,abbas

330 3292 364 3354 S.
389 3289 545 3354 Germani
572 3290 612 3353 de
632 3290 753 3368 Pratis,
776 3303 808 3353 et
828 3314 913 3352 anno
935 3292 1019 3352 1516
1038 3289 1079 3353 ad
1105 3289 1310 3353 Meldensem
1334 3292 1445 3355 sedem

329 3386 390 3450 suit
409 3386 599 3450 translatus,
619 3386 760 3469 Quidam
780 3412 819 3450 ex
839 3387 970 3449 illorum
987 3387 1149 3476 cognatis,
1172 3389 1290 3451 Petrus
1311 3388 1445 3477 iuquam

331 3485 564 3564 BrieonnetuS,
588 3485 715 3549 aerario
740 3485 843 3575 regali
864 3497 1031 3572 praeerat;
1053 3484 1249 3548 Guillelmus
1269 3485 1339 3572 ipse
1358 3488 1446 3574 epis·

331 3606 433 3668 copus
454 3581 605 3645 civilibus
630 3581 852 3671 dignitatibus
872 3607 888 3644 a
909 3606 988 3672 rege
1013 3581 1119 3645 suerat
1138 3595 1286 3660 ornatuS,
1309 3598 1445 3672 propter

332 3704 412 3768 quas
434 3704 450 3742 a
476 3679 549 3768 lege
570 3678 768 3743 residentiae
788 3680 893 3743 socrat
922 3692 1104 3766 exemptus.
1138 3681 1305 3744 Favebant
1332 3707 1446 3745 omnes
1482 3729 1486 3733 -

330 3776 521 3841 Clichtoveo
552 3779 740 3864 Fabroque:
775 3778 883 3840 Fabro
916 3776 1049 3864 quidem
1083 3780 1199 3840 Petrus
1226 3778 1446 3843 Brieonnctns

331 3899 426 3937 suum
443 3874 545 3937 filium
561 3874 773 3939 Franciseum
790 3875 954 3938 commisit
974 3874 1194 3952 educandum,
1217 3889 1249 3939 et
1269 3877 1309 3938 ab
1330 3901 1370 3939 eo
1390 3903 1447 3941 cn-

326 3971 458 4059 jusdam
478 3972 588 4060 operis
615 3972 851 4036 dedicatoriam
875 3973 1047 4060 epistolam
1075 3973 1215 4059 accepit.
1248 3974 1447 4038 Guillelmus

330 4094 461 4157 quoque
486 4071 698 4156 semetipsum
723 4071 914 4134 Clichtoveo
948 4069 1085 4134 tradidit
1108 4071 1360 4150 instituendum,
1386 4073 1446 4136 etsi

326 4167 453 4255 jamdiu
475 4180 545 4230 erat
561 4168 748 4254 episcopus,
768 4181 799 4231 et
817 4169 913 4231 ambo
932 4169 965 4231 in
981 4168 1157 4258 collegium
1174 4171 1337 4233 Navarrae
1354 4169 1446 4258 quasi

331 4265 363 4327 in
384 4264 596 4329 solitudinem
616 4265 820 4344 secedentes,
847 4265 944 4330 simul
964 4290 1023 4353 per
1042 4265 1113 4328 dies
1133 4266 1293 4353 integros,
1317 4269 1446 4332 occlusa

331 4387 415 4441 sera,
438 4365 599 4426 Doctores
619 4363 772 4451 antiquos
793 4377 825 4427 et
846 4365 959 4427 Patres
979 4364 1170 4450 pervolvere
1191 4364 1252 4427 visi
1268 4378 1356 4428 sunt.

367 4578 391 4626 1.
414 4575 473 4646 Guy
489 4575 667 4627 Bretonneau:
686 4575 810 4628 Histoire
824 4573 957 4645 gelterule
972 4574 1021 4627 des
1040 4576 1198 4643 Brr'connet'.
