3074 5422
692 440 849 502 ..35-

252 583 289 644 ln
312 578 455 641 secunda
478 576 700 639 Eleu-i'delorii
719 574 865 637 editione
887 574 994 658 (1521)
1022 573 1196 660 promissis
1222 575 1329 638 stabat

203 677 430 750 Clichtoveus,
452 698 516 736 non
538 685 666 735 tantum
687 672 866 735 ostendens
882 672 942 734 hos
962 671 1143 734 versiculos
1164 696 1232 736 ase
1253 696 1329 735 cou-

204 778 379 841 demuatos
399 772 498 835 luisse
513 771 546 834 in
561 794 658 833 sensu
671 794 735 857 quo
748 768 1025 832 condemnatione
1040 767 1133 857 digni
1149 783 1254 843 erant,
1271 770 1330 833 sed

206 876 305 937 etiam
323 893 506 961 agnoscens
530 870 561 930 in
585 868 666 954 ipsis
687 866 908 930 orthodoxum
929 866 1043 929 haberi
1066 891 1213 944 sensum,
1237 866 1330 930 illum

207 973 336 1035 scilicet
355 992 450 1056 quem
468 966 548 1053 ipsis
564 966 681 1028 tribuit
698 964 861 1040 Ecclesia,
884 965 973 1051 ipsos
988 977 1098 1026 tamen
1115 964 1222 1028 adhuc
1238 965 1331 1027 omit·

207 1071 310 1138 tebat,
343 1091 415 1130 eum
445 1064 600 1127 deessent
622 1067 655 1125 in
685 1063 836 1150 pluribus
866 1062 1071 1136 Codicibus3
1094 1062 1332 1153 indignabatur

208 1169 307 1230 etiam
328 1163 526 1253 quibusdam
548 1161 604 1248 qui
627 1160 718 1223 illum
745 1160 785 1223 de
810 1159 970 1224 Codicum
992 1159 1201 1223 mutilatione
1223 1160 1332 1246 suspi-

209 1267 383 1328 cabantur.

254 1363 311 1425 llla
328 1361 545 1448 plurimorum
568 1357 600 1419 in
617 1356 845 1421 Clichtoveum
866 1355 987 1418 invidia
1009 1355 1222 1442 quibusdam,
1246 1356 1332 1419 inter

209 1486 292 1548 quos
308 1458 415 1532 Vatel,
432 1456 588 1518 scandalo
606 1455 683 1517 suit:
702 1455 804 1542 quiin
817 1453 1021 1540 praefatione
1034 1453 1075 1516 ad
1088 1478 1187 1541 opera
1205 1454 1332 1519 Nicolai

209 1556 400 1643 Clemangis
419 1555 459 1617 dc
476 1553 668 1618 Clichtoveo
690 1553 867 1615 scribebat:
889 1579 905 1612 11
925 1553 962 1614 ln
983 1550 1053 1614 dies
1070 1551 1235 1639 horasque
1257 1576 1333 1639 par-

208 1657 302 1729 turit,
322 1677 465 1740 suosque
483 1651 613 1713 demum
628 1664 741 1737 partus
752 1651 869 1737 quovis
883 1650 1044 1713 bonarum
1060 1648 1245 1713 litterarum
1263 1649 1333 1712 cul-

209 1754 273 1816 tori
286 1750 493 1837 adoptaudos
505 1748 612 1834 palam
627 1748 772 1835 exponit.
790 1749 940 1828 Quocum
957 1746 1106 1833 profecto
1118 1771 1185 1809 non
1198 1771 1333 1834 possum

209 1875 275 1913 non
293 1848 471 1912 condolere
488 1859 584 1933 atquc
606 1846 838 1933 ingemiscere,
857 1844 959 1932 quod,
979 1845 1207 1931 superioribus
1224 1846 1332 1922 annis,

211 1949 362 2034 plerique
384 1947 482 2031 hujus
505 1944 632 2018 aetatis,
658 1943 725 2006 sola
746 1943 945 2030 sapientium
967 1942 1189 2029 appellatione
1211 1943 1335 2033 gloria-

213 2046 329 2118 bundi,
353 2044 431 2106 citra
454 2043 595 2129 eulpam,
623 2066 641 2104 o
662 2042 741 2104 boni
762 2041 886 2127 superi,
912 2042 956 2104 ita
975 2041 1191 2103 vehementer
1213 2041 1262 2103 illi
1283 2041 1335 2103 in-

213 2143 511 2217 commodarentur,
546 2152 580 2202 ut
609 2141 686 2229 igne
717 2152 749 2202 et
778 2138 918 2202 llammis
949 2138 1085 2226 dignum
1121 2151 1335 2226 extremoque
1399 2214 1401 2218 Ι

213 2242 328 2328 quovis
350 2239 514 2325 supplicio
531 2237 708 2300 exitialiter
725 2236 970 2323 furibundeque
987 2236 1085 2299 nimis
1099 2236 1299 2322 judicarent.
1318 2263 1334 2297 >›

213 2339 339 2401 Eodem
362 2336 459 2399 modo
480 2335 613 2398 dolebat
636 2334 861 2398 Cheradamus
882 2335 914 2397 in
942 2333 1127 2420 prelatione
1154 2335 1335 2397 Gramma-

216 2442 300 2501 tieae
315 2459 459 2524 graecae
474 2434 514 2496 ad
535 2432 617 2495 Lud.
639 2431 860 2496 Guillardum.

257 2535 318 2597 Ast
342 2534 421 2596 istac
445 2531 713 2621 impugnationes
729 2532 921 2605 Doctorum,
945 2554 1074 2593 necnon
1099 2529 1234 2592 Luthcri
1257 2553 1337 2592 con·

216 2632 455 2706 demnationes,
480 2628 707 2691 Cliclrtoveum
736 2628 840 2717 magis
861 2652 898 2691 ac
920 2627 1023 2715 magis
1045 2628 1185 2691 aFabro
1207 2627 1335 2691 novita-

214 2727 509 2817 tibusqueincertis
530 2737 750 2790 retraxerunt.
1269 2727 1270 2730 ’

553 3119 696 3184 CAPUT
720 3119 999 3185 UNDECIMUM.

343 3340 559 3380 CLlCHTOVEUS
584 3341 615 3379 IN
637 3341 752 3379 BELGIO
773 3342 801 3380 L.
826 3341 1033 3381 GUILLARDUM
1056 3341 1213 3392 SEQUITUR

414 3439 451 3477 ET
471 3439 536 3477 CUM
558 3439 626 3478 lPSO
648 3439 766 3478 RURSUS
787 3440 825 3478 AD
847 3437 1019 3478 NAVARRAM
1040 3440 1145 3478 REDIT.

700 3584 856 3645 <rare-ron)

264 3807 349 3870 Dum
377 3805 458 3869 istae
481 3806 633 3869 furebant
657 3807 744 3884 lites,
772 3809 807 3871 1,.
828 3808 1032 3885 GuillarduS,
1050 3810 1117 3894 jam
1137 3833 1249 3872 mense
1269 3834 1340 3897 sep·

219 3905 340 3968 tembri
355 3907 451 3980 1517,
466 3904 644 3967 dioecesim
658 3908 901 3969 'l'ornacensem
914 3906 1112 3983 intraverat3
1132 3908 1193 3971 sub
1207 3907 1271 3970 line
1287 3907 1340 3971 de·

220 4002 361 4067 cembris
384 4002 527 4065 Ordines
550 4015 582 4064 et
598 4003 800 4066 Collationes
817 4004 1058 4067 ecclesiasticas
1083 4006 1231 4068 Curtraci
1254 4006 1341 4092 apud

222 4101 378 4163 Jacobum
409 4099 531 4177 Thielt,
570 4101 728 4164 vicarium
761 4102 963 4190 generalem,
992 4102 1228 4167 celebraverat.
1266 4106 1343 4166 Mox

224 4211 304 4274 crat,
328 4211 402 4284 post
427 4196 543 4260 foedus
564 4198 650 4261 inter
670 4199 883 4262 Franciscum
906 4201 954 4262 lum
977 4212 1009 4263 et
1023 4201 1202 4263 Hearicum
1217 4203 1340 4276 Vlllum,

226 4299 256 4358 1Ο
277 4296 423 4358 octobris
452 4296 548 4372 1518,
575 4296 803 4370 sanciendum,
833 4298 998 4361 civitatem
1024 4299 1128 4384 ipsam
1152 4300 1344 4362 Tornacen-

226 4417 292 4455 sem
305 4406 571 4480 recuperaturus
589 4394 770 4457 Accersivit
783 4394 1011 4459 Clichtoveum
1028 4397 1097 4483 qui,
1112 4396 1205 4458 finito
1222 4395 1344 4460 Codice

229 4514 285 4553 suo
301 4491 461 4577 (ttfljunii
479 4491 586 4576 1518),
606 4492 693 4555 circa
710 4516 856 4555 mensem
874 4495 1096 4580 septembrem
1112 4493 1191 4581 (uon
1209 4494 1345 4556 enimin

230 4588 310 4651 sesto
326 4590 360 4651 S.
380 4590 582 4676 Euphemiae
596 4593 647 4651 l7a
659 4591 857 4678 septembris
872 4592 1004 4655 solitum
1021 4616 1206 4655 sermonem
1219 4592 1343 4679 habuit]
