3074 5422
786 430 945 492 ..88-

307 593 381 634 eum
394 568 562 632 multoties
578 567 826 633 consuluerunt.
845 567 886 629 Et
901 565 1049 653 quidem,
1067 579 1102 629 ut
1113 564 1224 627 videre
1241 577 1291 627 est
1307 588 1347 627 ex
1364 565 1430 628 Co·

307 667 381 732 dice
406 666 614 730 Mazarinaeo
635 666 712 739 912,
736 690 751 728 a
774 666 809 728 L.
834 665 1072 740 Subterraneo,
1093 662 1240 752 Georgio
1255 662 1329 727 'Civi
1350 664 1429 726 Tor-

309 764 456 840 naccnsi‚
483 767 511 828 J.
535 763 679 839 Caulier,
699 762 918 826 Dominieano
940 760 1164 837 Curtracensi,
1188 773 1221 824 et
1244 760 1368 824 Jacobo
1389 759 1431 822 de

308 863 422 928 Hondt
437 862 498 925 fuit
514 863 749 949 interrogatus.

354 960 543 1043 Quaerebat
562 958 705 1023 Jodocus
731 957 862 1022 Caulicr
888 981 927 1020 an
951 957 1067 1021 liceret
1085 960 1139 1044 jus
1164 956 1205 1020 ad
1225 969 1335 1020 certos
1358 968 1431 1018 tum

310 1057 481 1135 ecclesiae,
508 1069 577 1120 tum
606 1057 880 1120 coemeteriorum
904 1056 1005 1132 locos,
1034 1068 1124 1118 certo
1149 1055 1269 1141 pretio,
1297 1077 1428 1117 emere:

310 1156 478 1246 negabant
494 1156 728 1222 Lovanienses.
746 1153 929 1216 affirmabat
945 1153 1157 1217 Clichtoveus
1172 1154 1235 1216 hoc
1256 1176 1328 1215 esse
1345 1151 1432 1241 legi-

310 1253 439 1330 timum,
467 1252 533 1315 imo
564 1253 798 1328 necessarium,
829 1251 1008 1315 dummodo
1031 1251 1214 1337 prudenter
1242 1248 1428 1339 ageretur¹.

310 1351 438 1415 Rursus
466 1351 506 1414 ab
532 1351 604 1438 ipso
634 1351 855 1437 quaerebatur
885 1373 925 1412 an
951 1349 1042 1435 prior
1068 1348 1203 1435 quidam
1232 1359 1432 1435 quaestuum

311 1448 481 1512 collectori
511 1461 638 1535 partem
672 1447 723 1511 sui
755 1447 928 1525 territorii,
961 1459 1126 1510 reservata
1158 1446 1316 1510 collectae
1342 1444 1433 1508 elee-

311 1570 466 1634 mosynae
497 1546 662 1633 portione,
692 1558 805 1632 posset
830 1545 1025 1619 concedere,
1052 1543 1102 1607 vel
1129 1544 1237 1608 adhuc
1259 1567 1300 1606 an
1325 1542 1435 1606 curati

311 1643 442 1707 vicariis
455 1644 522 1707 suis
536 1643 700 1707 fruetuum
714 1642 943 1706 tantummodo
958 1655 1085 1729 partem
1096 1642 1286 1729 relinquere
1300 1640 1433 1716 liceret,

313 1754 368 1805 aut
383 1741 519 1805 tandem
540 1766 619 1805 num
635 1742 785 1804 canonici
806 1766 823 1804 a
844 1741 972 1804 noviter
988 1740 1190 1804 canonicatis
1207 1740 1241 1803 in
1263 1738 1352 1803 felici
1373 1736 1436 1800 ad·

311 1852 413 1902 ventu
455 1839 632 1927 prandium
672 1840 732 1903 sub
766 1862 872 1927 poena
916 1838 1189 1902 distributionum
1228 1849 1436 1901 retentarum

313 1936 447 2027 exigere
472 1950 626 2025 possent:
654 1961 735 2024 quas
756 1937 977 2024 quaestiones,
1002 1936 1117 1999 ultima
1138 1949 1249 2000 tamen
1279 1947 1434 2022 excepta,

312 2032 504 2098 affirmative
525 2035 722 2098 resolvebat.

358 2133 533 2220 Sapienter
550 2133 648 2196 etiam
661 2133 701 2197 de
714 2132 935 2221 Indulgentiis
959 2131 1237 2220 facultatibusque
1254 2131 1438 2196 Confessa-

312 2229 439 2294 riorum
476 2230 746 2294 extraordinariis
781 2231 992 2295 Clichtoveus
1015 2231 1251 2318 respondebat.
1285 2228 1437 2317 Georgio

315 2327 385 2391 Civi
410 2329 536 2414 petenti
561 2353 625 2416 qua
647 2329 769 2391 virtute
790 2327 943 2391 Pontifex
964 2328 1193 2419 Indulgentias
1219 2327 1435 2404 concederet,

314 2449 392 2488 num
408 2438 574 2489 aeternam
595 2426 646 2489 vel
667 2427 769 2489 solam
790 2427 1007 2514 temporalem
1022 2451 1164 2515 poenam
1184 2427 1266 2490 istae
1281 2425 1438 2489 remitte-

316 2536 402 2600 rent,
428 2547 468 2586 an
490 2523 656 2587 confessio
677 2524 728 2587 vel
744 2525 869 2613 gratiae
891 2536 995 2588 status
1011 2525 1052 2588 ad
1073 2549 1127 2588 eas
1148 2524 1324 2589 lucrandas
1345 2535 1440 2587 esset

317 2644 448 2708 semper
468 2623 662 2709 requisitus,
685 2646 725 2685 an
746 2623 935 2713 Purgatorii
952 2623 1123 2686 animabus
1147 2636 1258 2687 essent
1285 2621 1439 2708 applica·

315 2718 411 2797 biles,
442 2719 652 2783 Clichtoveus
677 2723 768 2806 juxta
794 2744 903 2797 sanae,
931 2720 964 2783 id
989 2734 1039 2784 est
1064 2745 1128 2784 non
1152 2721 1298 2798 laxioris,
1324 2720 1440 2784 Theo-

316 2816 424 2906 logiae
446 2817 589 2906 regulas,
613 2817 795 2881 solutiones
812 2819 1037 2905 proponebat:
1061 2819 1232 2883 facultates
1248 2831 1370 2896 autem,
1386 2820 1440 2905 ju-

317 2914 415 2977 bilaei
444 2927 607 3001 tempore,
644 2915 856 2979 confessariis
886 2917 1147 2981 extraordinarie
1177 2940 1364 2994 concessas
1399 2940 1443 2979 ex

313 3024 430 3076 tenore
450 3012 627 3091 bullarum,
646 3013 856 3100 judicandas,
875 3038 995 3101 easque
1012 3015 1052 3079 ad
1068 3029 1157 3079 certa
1172 3028 1307 3103 peccata
1322 3026 1355 3077 et
1376 3037 1442 3100 pro

316 3110 414 3173 certis
434 3112 641 3198 temporibus
662 3111 931 3175 determinandas
952 3114 1166 3177 autumabat:
1188 3113 1330 3177 addebat
1350 3136 1441 3176 nun-

316 3231 415 3295 quam
427 3207 643 3295 dispensandi
657 3210 690 3272 in
707 3210 843 3272 materia
855 3210 1003 3296 justitiae
1021 3211 1188 3275 licentiam
1206 3210 1294 3275 dari:
1309 3210 1390 3298 quin
1407 3223 1443 3275 et

316 3305 406 3392 ipsos
428 3305 648 3370 confessarios
665 3332 737 3371 cum
756 3307 1018 3394 poenitentibus
1042 3309 1070 3372 si
1086 3322 1248 3388 errarent,
1276 3308 1316 3372 ad
1338 3309 1442 3372 resti·

315 3402 476 3467 tuendum
496 3405 759 3491 possessoribus,
781 3428 848 3468 non
863 3406 1034 3484 ccclesiae,
1052 3407 1158 3470 teneri
1179 3407 1321 3470 dicebat.

361 3502 428 3564 Nec
444 3502 552 3565 minus
563 3515 674 3566 exacte
686 3503 882 3566 clericorum
894 3504 1116 3594 obligationes
1132 3504 1312 3568 definiebat
1328 3505 1443 3570 Clich-

316 3611 447 3661 toveus:
475 3623 513 3662 eo
532 3599 657 3686 judice,
682 3600 879 3664 simoniacus
902 3601 943 3664 ad
968 3602 1191 3666 restituendos
1215 3603 1340 3666 fructus
1362 3615 1443 3668 ante

317 3696 560 3760 absolutionem
577 3711 753 3785 perceptos
769 3699 956 3777 tenebatur,
975 3700 1256 3789 beneficiatusque
1272 3701 1442 3780 residens,

319 3817 384 3857 non
405 3795 575 3873 assistens,
598 3820 665 3858 non
686 3796 826 3859 faciebat
847 3795 971 3861 fruetus
995 3822 1088 3876 suos3
1116 3799 1332 3863 beneficiatus
1359 3799 1444 3863 item

319 3890 469 3970 studens,
492 3916 558 3955 non
578 3906 704 3956 tantum
721 3894 762 3957 ad
778 3891 923 3958 officium
937 3919 1072 3982 parvum
1090 3897 1148 3960 sed
1164 3896 1206 3960 ad
1221 3899 1359 3987 Magnas
1376 3899 1444 3960 Ho-

318 4013 371 4052 ras
388 3990 572 4053 Canonicas
588 3991 810 4080 obligabatur.

366 4089 415 4150 De
430 4087 529 4150 variis
547 4088 645 4151 etiam
661 4089 776 4152 usibus
793 4103 883 4153 reete
900 4091 1049 4154 solvebat
1065 4092 1289 4156 Clichtoveus.
1305 4094 1447 4157 Fortui-

317 4196 369 4247 tos
385 4208 501 4248 omnes
517 4185 613 4249 ludos
626 4188 804 4273 respuebat
816 4215 823 4266 ;
843 4212 929 4264 nam,
943 4202 978 4252 ut
989 4191 1108 4266 aiebat,
1126 4191 1313 4278 proprietas
1325 4191 1447 4256 labore

319 4299 351 4345 et
380 4282 555 4361 industria,
589 4308 653 4348 non
683 4298 791 4348 autem
820 4299 919 4364 sorte,
950 4288 1144 4374 acquiritur.
1170 4290 1278 4375 Ipsam
1309 4315 1326 4349 a
1356 4289 1447 4354 lote-

354 4524 377 4572 l.
399 4521 538 4592 Episcopus
554 4521 682 4592 Sagiensis
696 4524 824 4575 consuluit
839 4524 992 4577 Sorbonicos
1013 4527 1129 4578 doctores
1148 4547 1161 4576 (ι
1181 4546 1214 4578 an
1235 4528 1324 4580 ficeret
1342 4529 1448 4602 aliquid

315 4611 363 4663 pro
377 4594 515 4664 sepulturis
528 4595 641 4665 accipere
657 4616 681 4645 u.
693 4596 864 4664 D’Argentrd,
881 4597 915 4656 lt,
930 4617 954 4647 v.
971 4600 1003 4650 19
1018 4598 1091 4649 lunii
1107 4601 1186 4652 1521.
