3074 5422
684 419 844 478 ..97-

215 628 217 632 .
246 555 474 620 Antilatlterus
498 565 566 615 tres
595 551 696 614 habet
720 565 831 638 partes
861 554 969 616 tribus
997 553 1133 616 Lutheri
1165 552 1324 640 operibus

205 653 456 742 respondentes
492 649 603 712 Prima
632 648 768 735 quidem
801 664 916 714 eontra
945 650 1067 713 librum
1093 652 1141 713 De
1174 650 1327 715 libertate

206 753 383 816 christiana
399 747 567 835 dirigitur,
590 759 622 809 et
642 759 840 833 potestatem
863 748 1081 838 legislativam
1099 748 1269 811 Ecclesiae
1293 749 1326 812 in

205 863 274 914 tuto
305 846 463 934 reponit:
496 844 592 908 simul
622 842 889 909 insufficientiam
919 846 997 909 fidei
1025 845 1326 934 necessitatemque
1373 883 1374 888 .

206 971 341 1035 operum
363 943 555 1033 proclamat.
580 942 731 1006 Secunda
748 957 856 1007 autem
877 969 954 1031 pars
970 943 1153 1031 opponitur
1173 944 1259 1007 libro
1280 945 1328 1008 De

206 1051 304 1109 missa
332 1053 465 1130 privata
492 1041 701 1127 abroganda,
724 1054 757 1104 et
779 1066 863 1129 quae
887 1055 1039 1129 spectant
1058 1041 1099 1105 ad
1128 1041 1327 1106 sacrificium

205 1142 459 1208 eucharisticum
480 1137 644 1224 explanat.
664 1140 774 1202 Tertia
795 1139 929 1203 tandem
945 1140 1067 1203 librum
1085 1142 1131 1203 De
1157 1144 1238 1204 votis
1259 1165 1328 1203 mo-

206 1246 341 1306 nasticis
357 1237 512 1301 refellens
528 1235 659 1299 laudem
679 1237 764 1302 vitae
783 1238 972 1326 religiosae,
1001 1251 1072 1302 tum
1094 1262 1132 1301 ex
1154 1240 1225 1324 ejus
1246 1237 1328 1301 anti·

205 1340 344 1429 quitate,
361 1349 430 1400 tum
452 1359 490 1397 ex
515 1332 728 1397 fundatorum
749 1335 938 1413 sanctitate,
960 1348 1029 1399 tum
1056 1359 1095 1399 ex
1124 1335 1328 1399 sublimitate

204 1436 395 1528 regularum
416 1432 514 1496 eruit.
539 1433 575 1494 ln
604 1431 667 1494 hoc
689 1456 790 1520 opere
813 1433 1027 1497 Clichtoveus
1049 1434 1133 1497 solet
1167 1433 1327 1521 quasdam

203 1533 453 1623 propositiones
491 1554 531 1593 ex
567 1530 713 1593 Luthero
749 1531 941 1619 desumptas
982 1532 1210 1619 praemittere,
1251 1531 1328 1594 dein

204 1633 390 1696 doctrinam
406 1627 602 1692 catholicam
629 1629 758 1706 evolvit,
788 1630 923 1693 tandem
945 1655 1102 1694 erroneas
1127 1629 1329 1693 assertiones

204 1729 369 1818 explodit.

250 1830 301 1891 De
321 1825 439 1889 iisdem
468 1822 535 1886 sere
564 1825 677 1899 rebuS,
710 1825 768 1889 sed
794 1826 968 1889 occasione
997 1826 1137 1890 aliorum
1164 1825 1329 1889 librorum

203 1938 368 1990 tractatur
384 1923 417 1985 in
438 1923 703 2009 Propagnaculo
724 1923 831 1987 Prima
848 1948 937 2010 pars,
956 1925 1013 1987 ubi
1033 1924 1191 1987 Formula
1211 1928 1332 1986 missae

206 2039 237 2088 et
255 2025 490 2087 communionis
508 2044 571 2106 pro
591 2021 728 2083 ecclesia
756 2022 1039 2111 Wittembergensi
1057 2021 1233 2099 refellitur,
1256 2022 1331 2108 plu-

208 2123 302 2186 ribus
322 2118 515 2183 notionibus
542 2117 583 2181 de
609 2117 771 2182 sacrificio
792 2120 1014 2184 eucharistico
1033 2122 1100 2207 jam
1123 2119 1208 2183 datis
1230 2119 1330 2182 multa

209 2220 251 2283 ad
267 2215 641 2306 liturgiam-spectantia
665 2215 767 2280 addit.
788 2219 874 2281 Dum
890 2218 1035 2281 vindicat
1056 2231 1201 2296 cantum,
1233 2240 1331 2280 orna-

211 2329 333 2393 menta,
356 2314 529 2402 imagines,
560 2312 707 2376 fidelium
729 2315 928 2394 oblationes,
953 2316 1176 2380 sacerdotales
1209 2327 1329 2393 vestes,

210 2415 370 2503 reprobat
401 2411 578 2475 lectionem
610 2413 778 2500 Epistolae
812 2427 843 2477 et
879 2415 1147 2504 Evangeliorum,
1182 2411 1333 2501 Symboli

210 2510 465 2585 traductionem,
484 2509 750 2598 hymnorumque
766 2524 897 2574 cantum
919 2511 951 2574 in
974 2511 1085 2600 lingua
1104 2511 1244 2601 vulgari.
1267 2512 1332 2574 Re-

212 2609 331 2697 probat
350 2608 430 2671 item
451 2607 719 2670 communionem
739 2608 1034 2672 hebdomadarium
1055 2623 1089 2673 et
1110 2610 1171 2672 sub
1191 2621 1331 2694 utraque

213 2707 324 2795 specie
346 2705 438 2768 laicis
459 2729 476 2767 a
492 2705 637 2768 Luthero
654 2705 856 2792 impositam.

258 2802 410 2868 Secunda
431 2825 520 2889 pars,
543 2802 750 2890 respondens
771 2803 866 2868 libris
887 2807 936 2869 De
955 2811 1058 2869 missa
1073 2811 1207 2894 privata
1234 2816 1266 2866 et
1284 2805 1334 2867 De

214 2906 403 2990 captivitate
435 2900 643 2983 Babylonica,
676 2901 717 2964 de
748 2903 921 2967 Coelibatu
948 2904 1173 2967 ecclesiastico
1199 2915 1331 2965 tractat.

214 3000 324 3064 Primo
345 2997 477 3086 quidem
508 3021 547 3060 ex
563 3000 816 3063 auctoritatibus
845 3002 954 3088 ipsum
977 3000 1200 3077 commendat,
1227 3000 1334 3086 ipsius

215 3097 386 3161 historiam
426 3095 583 3172 delineat,
633 3099 829 3185 quaeritque
870 3124 947 3162 num
992 3124 1138 3163 summus
1182 3096 1336 3161 Pontifex

215 3191 299 3259 cirea
321 3194 413 3257 illum
430 3207 544 3281 posset
564 3194 771 3281 dispensare,
795 3220 873 3260 num
896 3197 1003 3260 omnis
1030 3195 1271 3260 incontinentia
1294 3195 1336 3258 sit

215 3294 280 3356 voti
308 3292 522 3355 sacerdotalis
543 3293 780 3382 transgressio.
810 3295 940 3358 Deinde
967 3295 1111 3358 Luthero
1133 3296 1336 3379 Erasmoque

216 3390 396 3478 respondet
411 3389 610 3453 coelibatum
631 3415 704 3454 esse
725 3393 943 3479 possibilem,
954 3393 1081 3471 utilem,
1094 3416 1153 3456 nec
1169 3392 1211 3454 ob
1228 3414 1337 3454 exces-

218 3514 271 3553 sus
288 3487 447 3576 quosdam
469 3489 757 3575 supprimendum.

208 3671 210 3676 ,
259 3587 369 3651 Tertia
389 3585 522 3649 tandem
543 3611 619 3673 pars
641 3587 758 3651 alludit
786 3589 871 3651 libro
895 3591 942 3652 De
962 3614 1018 3652 esu
1039 3593 1187 3652 carnium
1210 3587 1337 3651 Erasmi

215 3699 247 3750 et
266 3686 315 3748 De
334 3684 481 3747 libertate
499 3684 683 3748 eluistiana
711 3687 860 3762 Lutheri‚
882 3699 1052 3775 totamque
1069 3685 1188 3774 jejunii
1209 3699 1242 3750 ct
1266 3687 1337 3749 abs·

215 3783 375 3848 tinentiae
405 3783 575 3845 materiam
605 3783 771 3870 explanat.
805 3785 918 3849 Primo
952 3785 1135 3872 legislativa
1163 3783 1338 3848 Ecclesiae

217 3893 381 3969 potestate
408 3880 584 3956 vindicata,
622 3905 719 3968 quam
751 3885 840 3969 juste
871 3884 998 3970 jejunia
1033 3896 1065 3946 et
1103 3882 1338 3946 abstinentiam

217 3979 364 4044 Ecclesia
391 3980 609 4067 praescribat,
635 4004 675 4042 ex
700 3980 886 4068 Scriptura,
917 3981 1083 4057 Patribus,
1111 3978 1338 4067 exemplisque

218 4078 430 4142 Clichtoveus
444 4076 602 4140 ostendit.
625 4078 710 4140 Dein
733 4079 773 4141 ‘20
791 4076 1001 4142 difficultates
1018 4104 1057 4142 ex
1070 4080 1208 4142 Erasmo
1230 4089 1341 4140 erutas·

222 4175 329 4239 solvit.

262 4275 384 4336 Harum
417 4274 648 4360 quaestionum
684 4288 812 4361 partem
840 4276 871 4338 in
916 4275 1001 4338 libro
1034 4277 1081 4338 De
1106 4274 1341 4337 Eucharistiae

221 4387 426 4436 sacramento
456 4372 646 4459 resumpsit,
681 4373 740 4436 sed
766 4373 1047 4437 universalitatem
1081 4373 1114 4435 iu
1145 4372 1340 4460 Compendio

223 4474 392 4534 veritatum
412 4469 453 4532 de
474 4494 539 4557 quo
557 4472 625 4556 jam
651 4469 813 4535 diximus:
837 4472 902 4535 imo
922 4471 954 4533 in
976 4470 1039 4533 isto
1060 4493 1159 4557 opere
1181 4492 1340 4532 summam

226 4568 292 4655 ipse
310 4566 412 4630 refert
429 4592 537 4630 rerum
551 4593 566 4630 a
582 4593 616 4631 se
629 4568 846 4658 agitatorum:
866 4570 962 4633 «Nos
979 4568 1094 4632 itidem
1111 4567 1341 4655 superioribus

1183 4696 1197 4748 7
