<?xml version="1.0" encoding="UTF-8"?>
<!DOCTYPE html PUBLIC "-//W3C//DTD XHTML 1.0 Transitional//EN"
    "http://www.w3.org/TR/xhtml1/DTD/xhtml1-transitional.dtd">
<html xmlns="http://www.w3.org/1999/xhtml" xml:lang="en" lang="en">
 <head>
  <title>
</title>
<meta http-equiv="Content-Type" content="text/html;charset=utf-8" />
  <meta name='ocr-system' content='tesseract 3.04.00' />
  <meta name='ocr-capabilities' content='ocr_page ocr_carea ocr_par ocr_line ocrx_word'/>
</head>
<body>
  <div class='ocr_page' id='page_1' title='image "./dejudociclichto00clergoog_0070.png"; bbox 0 0 3074 5422; ppageno 0'>
   <div class='ocr_carea' id='block_1_1' title="bbox 541 430 699 493">
    <p class='ocr_par' dir='ltr' id='par_1_1' title="bbox 541 430 699 493">
     <span class='ocr_line' id='line_1_1' title="bbox 541 430 699 493; baseline 0.006 -17"><span class='ocrx_word' id='word_1_1' title='bbox 541 430 699 493; x_wconf 65' lang='lat'>„33-</span> 
     </span>
    </p>
   </div>
   <div class='ocr_carea' id='block_1_2' title="bbox 35 564 1178 4671">
    <p class='ocr_par' dir='ltr' id='par_1_2' title="bbox 56 564 1178 1906">
     <span class='ocr_line' id='line_1_2' title="bbox 57 564 1176 656; baseline 0.004 -29"><span class='ocrx_word' id='word_1_2' title='bbox 57 564 302 650; x_wconf 89' lang='lat' dir='ltr'>propositarum</span> <span class='ocrx_word' id='word_1_3' title='bbox 322 565 355 626; x_wconf 92' lang='lat' dir='ltr'>in</span> <span class='ocrx_word' id='word_1_4' title='bbox 372 588 437 651; x_wconf 92' lang='lat' dir='ltr'>quo</span> <span class='ocrx_word' id='word_1_5' title='bbox 453 564 542 651; x_wconf 91' lang='lat' dir='ltr'>ipsas</span> <span class='ocrx_word' id='word_1_6' title='bbox 557 564 817 643; x_wconf 84' lang='lat' dir='ltr'>confutaveram,</span> <span class='ocrx_word' id='word_1_7' title='bbox 841 591 914 630; x_wconf 93' lang='lat' dir='ltr'>eum</span> <span class='ocrx_word' id='word_1_8' title='bbox 931 567 1060 631; x_wconf 92' lang='lat' dir='ltr'>scilicet</span> <span class='ocrx_word' id='word_1_9' title='bbox 1079 593 1176 656; x_wconf 93' lang='lat' dir='ltr'>quem</span> 
     </span>
     <span class='ocr_line' id='line_1_3' title="bbox 57 661 1176 750; baseline 0.004 -25"><span class='ocrx_word' id='word_1_10' title='bbox 57 663 89 724; x_wconf 94' lang='lat' dir='ltr'>in</span> <span class='ocrx_word' id='word_1_11' title='bbox 114 663 219 749; x_wconf 91' lang='lat' dir='ltr'>prima</span> <span class='ocrx_word' id='word_1_12' title='bbox 238 675 270 725; x_wconf 89' lang='lat' dir='ltr'>et</span> <span class='ocrx_word' id='word_1_13' title='bbox 287 674 444 725; x_wconf 88' lang='lat' dir='ltr'>consueta</span> <span class='ocrx_word' id='word_1_14' title='bbox 465 686 521 725; x_wconf 89' lang='lat' dir='ltr'>sna</span> <span class='ocrx_word' id='word_1_15' title='bbox 545 661 787 750; x_wconf 88' lang='lat' dir='ltr'>significatione</span> <span class='ocrx_word' id='word_1_16' title='bbox 812 665 1018 728; x_wconf 89' lang='lat' dir='ltr'>constituunt</span> <span class='ocrx_word' id='word_1_17' title='bbox 1047 668 1176 731; x_wconf 90' lang='lat' dir='ltr'>numeri</span> 
     </span>
     <span class='ocr_line' id='line_1_4' title="bbox 57 759 1178 847; baseline 0.004 -24"><span class='ocrx_word' id='word_1_18' title='bbox 57 760 197 823; x_wconf 90' lang='lat' dir='ltr'>articulo</span> <span class='ocrx_word' id='word_1_19' title='bbox 224 761 256 823; x_wconf 71' lang='lat'>2⁰</span> <span class='ocrx_word' id='word_1_20' title='bbox 276 759 406 823; x_wconf 82' lang='lat' dir='ltr'>abunde</span> <span class='ocrx_word' id='word_1_21' title='bbox 428 759 639 847; x_wconf 88' lang='lat' dir='ltr'>explicatum.</span> <span class='ocrx_word' id='word_1_22' title='bbox 665 761 830 843; x_wconf 81' lang='lat' dir='ltr'>Quoniam</span> <span class='ocrx_word' id='word_1_23' title='bbox 851 773 961 826; x_wconf 87' lang='lat' dir='ltr'>tamen</span> <span class='ocrx_word' id='word_1_24' title='bbox 981 762 1068 842; x_wconf 90' lang='lat' dir='ltr'>illas,</span> <span class='ocrx_word' id='word_1_25' title='bbox 1087 764 1178 828; x_wconf 88' lang='lat' dir='ltr'>nulla</span> 
     </span>
     <span class='ocr_line' id='line_1_5' title="bbox 58 857 1177 946; baseline 0.005 -26"><span class='ocrx_word' id='word_1_26' title='bbox 58 857 207 921; x_wconf 90' lang='lat' dir='ltr'>adhibita</span> <span class='ocrx_word' id='word_1_27' title='bbox 225 858 451 933; x_wconf 89' lang='lat' dir='ltr'>distinctione,</span> <span class='ocrx_word' id='word_1_28' title='bbox 475 857 624 920; x_wconf 89' lang='lat' dir='ltr'>absolute</span> <span class='ocrx_word' id='word_1_29' title='bbox 644 870 676 920; x_wconf 94' lang='lat' dir='ltr'>et</span> <span class='ocrx_word' id='word_1_30' title='bbox 697 859 893 946; x_wconf 92' lang='lat' dir='ltr'>simpliciter</span> <span class='ocrx_word' id='word_1_31' title='bbox 912 860 980 923; x_wconf 91' lang='lat' dir='ltr'>illic</span> <span class='ocrx_word' id='word_1_32' title='bbox 998 885 1068 924; x_wconf 93' lang='lat' dir='ltr'>sum</span> <span class='ocrx_word' id='word_1_33' title='bbox 1088 863 1177 925; x_wconf 91' lang='lat' dir='ltr'>visus</span> 
     </span>
     <span class='ocr_line' id='line_1_6' title="bbox 56 956 1177 1047; baseline 0.004 -28"><span class='ocrx_word' id='word_1_34' title='bbox 56 957 245 1043; x_wconf 90' lang='lat' dir='ltr'>improbare</span> <span class='ocrx_word' id='word_1_35' title='bbox 267 957 433 1042; x_wconf 89' lang='lat' dir='ltr'>nimiaque</span> <span class='ocrx_word' id='word_1_36' title='bbox 453 956 629 1018; x_wconf 89' lang='lat' dir='ltr'>verborum</span> <span class='ocrx_word' id='word_1_37' title='bbox 650 956 900 1032; x_wconf 86' lang='lat' dir='ltr'>vehementia..,</span> <span class='ocrx_word' id='word_1_38' title='bbox 919 958 1031 1021; x_wconf 92' lang='lat' dir='ltr'>inillis</span> <span class='ocrx_word' id='word_1_39' title='bbox 1051 959 1177 1047; x_wconf 91' lang='lat' dir='ltr'>impro-</span> 
     </span>
     <span class='ocr_line' id='line_1_7' title="bbox 56 1052 1176 1144; baseline 0.004 -27"><span class='ocrx_word' id='word_1_40' title='bbox 56 1055 175 1117; x_wconf 81' lang='lat' dir='ltr'>bandis</span> <span class='ocrx_word' id='word_1_41' title='bbox 192 1056 251 1131; x_wconf 90' lang='lat' dir='ltr'>uti,</span> <span class='ocrx_word' id='word_1_42' title='bbox 270 1055 357 1117; x_wconf 92' lang='lat' dir='ltr'>ultro</span> <span class='ocrx_word' id='word_1_43' title='bbox 373 1052 478 1116; x_wconf 88' lang='lat' dir='ltr'>obtuli</span> <span class='ocrx_word' id='word_1_44' title='bbox 496 1077 557 1129; x_wconf 90' lang='lat' dir='ltr'>me,</span> <span class='ocrx_word' id='word_1_45' title='bbox 574 1053 646 1116; x_wconf 93' lang='lat' dir='ltr'>loco</span> <span class='ocrx_word' id='word_1_46' title='bbox 663 1055 887 1118; x_wconf 83' lang='lat' dir='ltr'>annotationis</span> <span class='ocrx_word' id='word_1_47' title='bbox 899 1055 988 1119; x_wconf 90' lang='lat' dir='ltr'>illius</span> <span class='ocrx_word' id='word_1_48' title='bbox 1004 1081 1088 1144; x_wconf 89' lang='lat' dir='ltr'>quae</span> <span class='ocrx_word' id='word_1_49' title='bbox 1106 1058 1176 1144; x_wconf 93' lang='lat' dir='ltr'>ple-</span> 
     </span>
     <span class='ocr_line' id='line_1_8' title="bbox 58 1149 1177 1240; baseline 0.004 -26"><span class='ocrx_word' id='word_1_50' title='bbox 58 1177 192 1240; x_wconf 87' lang='lat' dir='ltr'>rosque,</span> <span class='ocrx_word' id='word_1_51' title='bbox 223 1166 258 1216; x_wconf 94' lang='lat' dir='ltr'>ut</span> <span class='ocrx_word' id='word_1_52' title='bbox 296 1152 420 1238; x_wconf 86' lang='lat' dir='ltr'>accepi,</span> <span class='ocrx_word' id='word_1_53' title='bbox 452 1149 649 1226; x_wconf 82' lang='lat' dir='ltr'>offenderat,</span> <span class='ocrx_word' id='word_1_54' title='bbox 681 1153 714 1214; x_wconf 90' lang='lat' dir='ltr'>in</span> <span class='ocrx_word' id='word_1_55' title='bbox 746 1153 893 1239; x_wconf 88' lang='lat' dir='ltr'>proxima</span> <span class='ocrx_word' id='word_1_56' title='bbox 924 1154 1073 1240; x_wconf 87' lang='lat' dir='ltr'>ejusdem</span> <span class='ocrx_word' id='word_1_57' title='bbox 1100 1155 1177 1218; x_wconf 89' lang='lat' dir='ltr'>libri</span> 
     </span>
     <span class='ocr_line' id='line_1_9' title="bbox 56 1249 1176 1339; baseline 0.004 -26"><span class='ocrx_word' id='word_1_58' title='bbox 56 1250 215 1322; x_wconf 84' lang='lat' dir='ltr'>editione,</span> <span class='ocrx_word' id='word_1_59' title='bbox 239 1249 375 1312; x_wconf 90' lang='lat' dir='ltr'>alteram</span> <span class='ocrx_word' id='word_1_60' title='bbox 392 1249 577 1335; x_wconf 89' lang='lat' dir='ltr'>positurum</span> <span class='ocrx_word' id='word_1_61' title='bbox 598 1251 858 1329; x_wconf 82' lang='lat' dir='ltr'>annotationem,</span> <span class='ocrx_word' id='word_1_62' title='bbox 880 1251 914 1314; x_wconf 87' lang='lat' dir='ltr'>in</span> <span class='ocrx_word' id='word_1_63' title='bbox 930 1276 995 1339; x_wconf 88' lang='lat' dir='ltr'>qua</span> <span class='ocrx_word' id='word_1_64' title='bbox 1009 1266 1176 1317; x_wconf 88' lang='lat' dir='ltr'>contesta-</span> 
     </span>
     <span class='ocr_line' id='line_1_10' title="bbox 56 1347 1176 1436; baseline 0.004 -25"><span class='ocrx_word' id='word_1_65' title='bbox 56 1373 109 1412; x_wconf 88' lang='lat' dir='ltr'>rer</span> <span class='ocrx_word' id='word_1_66' title='bbox 131 1373 182 1411; x_wconf 91' lang='lat' dir='ltr'>me</span> <span class='ocrx_word' id='word_1_67' title='bbox 204 1349 276 1411; x_wconf 89' lang='lat' dir='ltr'>illas</span> <span class='ocrx_word' id='word_1_68' title='bbox 301 1347 548 1435; x_wconf 86' lang='lat' dir='ltr'>propositiones</span> <span class='ocrx_word' id='word_1_69' title='bbox 575 1349 668 1434; x_wconf 91' lang='lat' dir='ltr'>prius</span> <span class='ocrx_word' id='word_1_70' title='bbox 695 1349 901 1436; x_wconf 81' lang='lat' dir='ltr'>improbasse</span> <span class='ocrx_word' id='word_1_71' title='bbox 927 1350 961 1413; x_wconf 92' lang='lat' dir='ltr'>in</span> <span class='ocrx_word' id='word_1_72' title='bbox 989 1374 1028 1414; x_wconf 92' lang='lat' dir='ltr'>eo</span> <span class='ocrx_word' id='word_1_73' title='bbox 1048 1364 1176 1415; x_wconf 89' lang='lat' dir='ltr'>tantum</span> 
     </span>
     <span class='ocr_line' id='line_1_11' title="bbox 57 1445 1177 1535; baseline 0.003 -25"><span class='ocrx_word' id='word_1_74' title='bbox 57 1471 156 1510; x_wconf 94' lang='lat' dir='ltr'>sensu</span> <span class='ocrx_word' id='word_1_75' title='bbox 173 1448 228 1534; x_wconf 92' lang='lat' dir='ltr'>qui</span> <span class='ocrx_word' id='word_1_76' title='bbox 244 1447 351 1533; x_wconf 89' lang='lat' dir='ltr'>primo</span> <span class='ocrx_word' id='word_1_77' title='bbox 368 1457 503 1532; x_wconf 89' lang='lat' dir='ltr'>aspectu</span> <span class='ocrx_word' id='word_1_78' title='bbox 524 1445 712 1535; x_wconf 87' lang='lat' dir='ltr'>legentibus</span> <span class='ocrx_word' id='word_1_79' title='bbox 729 1459 761 1510; x_wconf 95' lang='lat' dir='ltr'>et</span> <span class='ocrx_word' id='word_1_80' title='bbox 773 1447 984 1511; x_wconf 89' lang='lat' dir='ltr'>audientibus</span> <span class='ocrx_word' id='word_1_81' title='bbox 1000 1473 1177 1513; x_wconf 91' lang='lat' dir='ltr'>occurrere</span> 
     </span>
     <span class='ocr_line' id='line_1_12' title="bbox 57 1542 1176 1632; baseline 0.003 -25"><span class='ocrx_word' id='word_1_82' title='bbox 57 1545 196 1621; x_wconf 82' lang='lat' dir='ltr'>solet...,</span> <span class='ocrx_word' id='word_1_83' title='bbox 225 1568 332 1632; x_wconf 89' lang='lat' dir='ltr'>neque</span> <span class='ocrx_word' id='word_1_84' title='bbox 358 1543 436 1605; x_wconf 85' lang='lat' dir='ltr'>mihi</span> <span class='ocrx_word' id='word_1_85' title='bbox 453 1555 522 1605; x_wconf 92' lang='lat' dir='ltr'>tum</span> <span class='ocrx_word' id='word_1_86' title='bbox 548 1542 649 1605; x_wconf 87' lang='lat' dir='ltr'>luisse</span> <span class='ocrx_word' id='word_1_87' title='bbox 675 1544 818 1607; x_wconf 91' lang='lat' dir='ltr'>animum</span> <span class='ocrx_word' id='word_1_88' title='bbox 840 1544 1019 1609; x_wconf 91' lang='lat' dir='ltr'>damnandi</span> <span class='ocrx_word' id='word_1_89' title='bbox 1045 1546 1176 1610; x_wconf 90' lang='lat' dir='ltr'>easdem</span> 
     </span>
     <span class='ocr_line' id='line_1_13' title="bbox 57 1643 1177 1732; baseline 0.003 -26"><span class='ocrx_word' id='word_1_90' title='bbox 57 1644 224 1706; x_wconf 88' lang='lat' dir='ltr'>orationes</span> <span class='ocrx_word' id='word_1_91' title='bbox 236 1643 269 1705; x_wconf 92' lang='lat' dir='ltr'>in</span> <span class='ocrx_word' id='word_1_92' title='bbox 284 1666 322 1704; x_wconf 93' lang='lat' dir='ltr'>eo</span> <span class='ocrx_word' id='word_1_93' title='bbox 335 1665 431 1704; x_wconf 91' lang='lat' dir='ltr'>seusu</span> <span class='ocrx_word' id='word_1_94' title='bbox 454 1665 550 1728; x_wconf 93' lang='lat' dir='ltr'>quem</span> <span class='ocrx_word' id='word_1_95' title='bbox 566 1654 677 1704; x_wconf 89' lang='lat' dir='ltr'>sancta</span> <span class='ocrx_word' id='word_1_96' title='bbox 693 1643 812 1730; x_wconf 89' lang='lat' dir='ltr'>recipit</span> <span class='ocrx_word' id='word_1_97' title='bbox 830 1643 979 1707; x_wconf 86' lang='lat' dir='ltr'>Ecclesia</span> <span class='ocrx_word' id='word_1_98' title='bbox 996 1657 1029 1708; x_wconf 90' lang='lat' dir='ltr'>et</span> <span class='ocrx_word' id='word_1_99' title='bbox 1044 1646 1177 1732; x_wconf 87' lang='lat' dir='ltr'>probati</span> 
     </span>
     <span class='ocr_line' id='line_1_14' title="bbox 58 1739 1175 1830; baseline 0.003 -26"><span class='ocrx_word' id='word_1_100' title='bbox 58 1754 219 1804; x_wconf 78' lang='lat' dir='ltr'>auctores</span> <span class='ocrx_word' id='word_1_101' title='bbox 240 1739 336 1822; x_wconf 86' lang='lat' dir='ltr'>Quod</span> <span class='ocrx_word' id='word_1_102' title='bbox 357 1752 390 1803; x_wconf 92' lang='lat' dir='ltr'>et</span> <span class='ocrx_word' id='word_1_103' title='bbox 402 1739 464 1802; x_wconf 87' lang='lat' dir='ltr'>leci</span> <span class='ocrx_word' id='word_1_104' title='bbox 480 1764 496 1799; x_wconf 81' lang='lat' dir='ltr'>a</span> <span class='ocrx_word' id='word_1_105' title='bbox 518 1740 559 1801; x_wconf 91' lang='lat' dir='ltr'>Et</span> <span class='ocrx_word' id='word_1_106' title='bbox 580 1740 795 1830; x_wconf 82' lang='lat' dir='ltr'>congregatio</span> <span class='ocrx_word' id='word_1_107' title='bbox 812 1741 947 1828; x_wconf 92' lang='lat' dir='ltr'>quidem</span> <span class='ocrx_word' id='word_1_108' title='bbox 964 1743 1048 1805; x_wconf 86' lang='lat' dir='ltr'>lacta</span> <span class='ocrx_word' id='word_1_109' title='bbox 1068 1756 1118 1806; x_wconf 91' lang='lat' dir='ltr'>est</span> <span class='ocrx_word' id='word_1_110' title='bbox 1136 1746 1175 1808; x_wconf 71' lang='lat'>12</span> 
     </span>
     <span class='ocr_line' id='line_1_15' title="bbox 59 1837 606 1906; baseline -0.004 -4"><span class='ocrx_word' id='word_1_111' title='bbox 59 1841 239 1902; x_wconf 85' lang='lat' dir='ltr'>Doctorum</span> <span class='ocrx_word' id='word_1_112' title='bbox 261 1839 313 1901; x_wconf 70' lang='lat'>24³</span> <span class='ocrx_word' id='word_1_113' title='bbox 330 1837 487 1906; x_wconf 76' lang='lat' dir='ltr'>februarii</span> <span class='ocrx_word' id='word_1_114' title='bbox 510 1838 606 1900; x_wconf 78' lang='lat'>1519.</span> 
     </span>
    </p>

    <p class='ocr_par' dir='ltr' id='par_1_3' title="bbox 54 1934 1176 3965">
     <span class='ocr_line' id='line_1_16' title="bbox 102 1934 1176 2025; baseline 0.001 -25"><span class='ocrx_word' id='word_1_115' title='bbox 102 1937 169 2000; x_wconf 85' lang='lat' dir='ltr'>Sed</span> <span class='ocrx_word' id='word_1_116' title='bbox 191 1936 332 1999; x_wconf 83' lang='lat' dir='ltr'>frustra:</span> <span class='ocrx_word' id='word_1_117' title='bbox 355 1959 437 2023; x_wconf 89' lang='lat' dir='ltr'>quas</span> <span class='ocrx_word' id='word_1_118' title='bbox 458 1934 555 1998; x_wconf 89' lang='lat' dir='ltr'>dabat</span> <span class='ocrx_word' id='word_1_119' title='bbox 579 1934 789 1999; x_wconf 87' lang='lat' dir='ltr'>Clichtoveus</span> <span class='ocrx_word' id='word_1_120' title='bbox 805 1937 1055 2023; x_wconf 88' lang='lat' dir='ltr'>explicationes,</span> <span class='ocrx_word' id='word_1_121' title='bbox 1080 1939 1176 2025; x_wconf 90' lang='lat' dir='ltr'>quasi</span> 
     </span>
     <span class='ocr_line' id='line_1_17' title="bbox 60 2033 1176 2125; baseline 0.003 -29"><span class='ocrx_word' id='word_1_122' title='bbox 60 2048 177 2098; x_wconf 87' lang='grc'><strong>333333</strong></span> <span class='ocrx_word' id='word_1_123' title='bbox 180 2049 319 2109; x_wconf 80' lang='lat' dir='ltr'>atrones</span> <span class='ocrx_word' id='word_1_124' title='bbox 342 2034 436 2097; x_wconf 80' lang='lat' dir='ltr'>habi</span> <span class='ocrx_word' id='word_1_125' title='bbox 424 2046 475 2096; x_wconf 88' lang='grc'>33</span> <span class='ocrx_word' id='word_1_126' title='bbox 492 2045 586 2109; x_wconf 92' lang='lat' dir='ltr'>sunt</span> <span class='ocrx_word' id='word_1_127' title='bbox 604 2033 692 2096; x_wconf 91' lang='lat' dir='ltr'>unde</span> <span class='ocrx_word' id='word_1_128' title='bbox 713 2033 910 2121; x_wconf 76' lang='lat' dir='ltr'>Apologcum</span> <span class='ocrx_word' id='word_1_129' title='bbox 927 2060 1018 2099; x_wconf 88' lang='lat' dir='ltr'>suam</span> <span class='ocrx_word' id='word_1_130' title='bbox 1039 2036 1176 2125; x_wconf 90' lang='lat' dir='ltr'>publico</span> 
     </span>
     <span class='ocr_line' id='line_1_18' title="bbox 60 2133 1175 2222; baseline 0.003 -27"><span class='ocrx_word' id='word_1_131' title='bbox 60 2135 181 2221; x_wconf 84' lang='lat' dir='ltr'>scrtipo</span> <span class='ocrx_word' id='word_1_132' title='bbox 148 2133 301 2196; x_wconf 82' lang='lat' dir='ltr'>cedere</span> <span class='ocrx_word' id='word_1_133' title='bbox 327 2146 458 2195; x_wconf 74' lang='lat' dir='ltr'>caletus</span> <span class='ocrx_word' id='word_1_134' title='bbox 479 2145 540 2194; x_wconf 90' lang='lat' dir='ltr'>est.</span> <span class='ocrx_word' id='word_1_135' title='bbox 568 2134 686 2195; x_wconf 82' lang='lat' dir='ltr'>«Nam</span> <span class='ocrx_word' id='word_1_136' title='bbox 708 2133 847 2219; x_wconf 90' lang='lat' dir='ltr'>hujusce</span> <span class='ocrx_word' id='word_1_137' title='bbox 867 2158 957 2197; x_wconf 91' lang='lat' dir='ltr'>meae</span> <span class='ocrx_word' id='word_1_138' title='bbox 974 2147 1175 2222; x_wconf 89' lang='lat' dir='ltr'>spontaneae</span> 
     </span>
     <span class='ocr_line' id='line_1_19' title="bbox 59 2229 1175 2320; baseline 0.002 -26"><span class='ocrx_word' id='word_1_139' title='bbox 59 2232 155 2295; x_wconf 90' lang='lat' dir='ltr'>oblat</span> <span class='ocrx_word' id='word_1_140' title='bbox 133 2232 234 2295; x_wconf 83' lang='lat' dir='ltr'>tionis</span> <span class='ocrx_word' id='word_1_141' title='bbox 255 2231 440 2307; x_wconf 86' lang='lat' dir='ltr'>occasione,</span> <span class='ocrx_word' id='word_1_142' title='bbox 465 2229 615 2315; x_wconf 89' lang='lat' dir='ltr'>protinus</span> <span class='ocrx_word' id='word_1_143' title='bbox 637 2253 673 2293; x_wconf 92' lang='grc'>33</span> <span class='ocrx_word' id='word_1_144' title='bbox 689 2232 789 2293; x_wconf 89' lang='lat' dir='ltr'>verba</span> <span class='ocrx_word' id='word_1_145' title='bbox 805 2230 846 2295; x_wconf 92' lang='lat' dir='ltr'>de</span> <span class='ocrx_word' id='word_1_146' title='bbox 867 2256 918 2295; x_wconf 92' lang='lat' dir='ltr'>me</span> <span class='ocrx_word' id='word_1_147' title='bbox 937 2232 1064 2320; x_wconf 82' lang='lat' dir='ltr'>vulgo</span> <span class='ocrx_word' id='word_1_148' title='bbox 1056 2246 1175 2320; x_wconf 69' lang='lat' dir='ltr'>jactata</span> 
     </span>
     <span class='ocr_line' id='line_1_20' title="bbox 59 2327 1174 2418; baseline 0 -24"><span class='ocrx_word' id='word_1_149' title='bbox 59 2344 143 2408; x_wconf 85' lang='lat' dir='ltr'>sunt,</span> <span class='ocrx_word' id='word_1_150' title='bbox 164 2327 757 2437; x_wconf 84' lang='lat' dir='ltr'>nescioperquoslaudummearum</span> <span class='ocrx_word' id='word_1_151' title='bbox 775 2329 1018 2407; x_wconf 88' lang='lat' dir='ltr'>buccinatores,</span> <span class='ocrx_word' id='word_1_152' title='bbox 1038 2330 1174 2418; x_wconf 91' lang='lat' dir='ltr'>quodin</span> 
     </span>
     <span class='ocr_line' id='line_1_21' title="bbox 59 2426 1172 2515; baseline 0 -23"><span class='ocrx_word' id='word_1_153' title='bbox 59 2429 180 2492; x_wconf 86' lang='lat' dir='ltr'>celebri</span> <span class='ocrx_word' id='word_1_154' title='bbox 204 2427 366 2490; x_wconf 89' lang='lat' dir='ltr'>illorum</span> <span class='ocrx_word' id='word_1_155' title='bbox 359 2426 540 2514; x_wconf 83' lang='lat' dir='ltr'>insignium</span> <span class='ocrx_word' id='word_1_156' title='bbox 562 2426 707 2489; x_wconf 86' lang='lat' dir='ltr'>virorum</span> <span class='ocrx_word' id='word_1_157' title='bbox 733 2450 854 2490; x_wconf 86' lang='lat' dir='ltr'>corona</span> <span class='ocrx_word' id='word_1_158' title='bbox 877 2440 974 2515; x_wconf 90' lang='lat' dir='ltr'>atque</span> <span class='ocrx_word' id='word_1_159' title='bbox 1001 2453 1172 2509; x_wconf 92' lang='lat' dir='ltr'>consessu,</span> 
     </span>
     <span class='ocr_line' id='line_1_22' title="bbox 58 2518 1175 2632; baseline 0 -41"><span class='ocrx_word' id='word_1_160' title='bbox 58 2528 234 2591; x_wconf 88' lang='lat' dir='ltr'>cecinerim</span> <span class='ocrx_word' id='word_1_161' title='bbox 256 2524 470 2632; x_wconf 86' lang='lat' dir='ltr'>palinodiam,</span> <span class='ocrx_word' id='word_1_162' title='bbox 495 2537 638 2587; x_wconf 89' lang='lat' dir='ltr'>erratum</span> <span class='ocrx_word' id='word_1_163' title='bbox 660 2548 766 2587; x_wconf 91' lang='lat' dir='ltr'>meum</span> <span class='ocrx_word' id='word_1_164' title='bbox 792 2518 910 2588; x_wconf 84' lang='lat' dir='ltr'>fuerini</span> <span class='ocrx_word' id='word_1_165' title='bbox 938 2525 1119 2605; x_wconf 87' lang='lat' dir='ltr'>confessus,</span> <span class='ocrx_word' id='word_1_166' title='bbox 1143 2541 1175 2590; x_wconf 91' lang='lat' dir='ltr'>et</span> 
     </span>
     <span class='ocr_line' id='line_1_23' title="bbox 58 2621 1173 2721; baseline 0.001 -34"><span class='ocrx_word' id='word_1_167' title='bbox 58 2639 167 2711; x_wconf 84' lang='lat' dir='ltr'>poenit</span> <span class='ocrx_word' id='word_1_168' title='bbox 145 2624 343 2688; x_wconf 86' lang='lat' dir='ltr'>tudinet</span> <span class='ocrx_word' id='word_1_169' title='bbox 288 2636 343 2686; x_wconf 93' lang='lat' dir='ltr'>ant</span> <span class='ocrx_word' id='word_1_170' title='bbox 346 2647 362 2684; x_wconf 90' lang='grc'>3</span> <span class='ocrx_word' id='word_1_171' title='bbox 375 2634 597 2721; x_wconf 82' lang='lat' dir='ltr'>scriptorum</span> <span class='ocrx_word' id='word_1_172' title='bbox 587 2621 716 2699; x_wconf 78' lang='lat' dir='ltr'>ductuS,</span> <span class='ocrx_word' id='word_1_173' title='bbox 735 2646 818 2710; x_wconf 89' lang='lat' dir='ltr'>quae</span> <span class='ocrx_word' id='word_1_174' title='bbox 830 2623 964 2710; x_wconf 92' lang='lat' dir='ltr'>publico</span> <span class='ocrx_word' id='word_1_175' title='bbox 979 2623 1100 2688; x_wconf 91' lang='lat' dir='ltr'>deinde</span> <span class='ocrx_word' id='word_1_176' title='bbox 1111 2638 1173 2688; x_wconf 90' lang='lat' dir='ltr'>tes-</span> 
     </span>
     <span class='ocr_line' id='line_1_24' title="bbox 57 2696 1173 2809; baseline 0 -23"><span class='ocrx_word' id='word_1_177' title='bbox 57 2724 192 2787; x_wconf 87' lang='lat' dir='ltr'>timonio</span> <span class='ocrx_word' id='word_1_178' title='bbox 208 2735 296 2786; x_wconf 86' lang='lat' dir='ltr'>esset</span> <span class='ocrx_word' id='word_1_179' title='bbox 307 2719 480 2784; x_wconf 87' lang='lat' dir='ltr'>edendam</span> <span class='ocrx_word' id='word_1_180' title='bbox 498 2696 659 2806; x_wconf 74' lang='grc'><strong>3333313333.</strong></span> <span class='ocrx_word' id='word_1_181' title='bbox 678 2723 793 2807; x_wconf 89' lang='lat' dir='ltr'>Neque</span> <span class='ocrx_word' id='word_1_182' title='bbox 807 2721 912 2783; x_wconf 93' lang='lat' dir='ltr'>solum</span> <span class='ocrx_word' id='word_1_183' title='bbox 929 2721 969 2784; x_wconf 87' lang='lat' dir='ltr'>ad</span> <span class='ocrx_word' id='word_1_184' title='bbox 981 2735 1173 2809; x_wconf 90' lang='lat' dir='ltr'>praesentes</span> 
     </span>
     <span class='ocr_line' id='line_1_25' title="bbox 58 2818 1175 2905; baseline 0.001 -21"><span class='ocrx_word' id='word_1_185' title='bbox 58 2846 91 2884; x_wconf 87' lang='grc'>33</span> <span class='ocrx_word' id='word_1_186' title='bbox 107 2822 277 2884; x_wconf 83' lang='lat' dir='ltr'>serebatur</span> <span class='ocrx_word' id='word_1_187' title='bbox 292 2819 376 2882; x_wconf 85' lang='lat' dir='ltr'>lama</span> <span class='ocrx_word' id='word_1_188' title='bbox 392 2841 451 2905; x_wconf 91' lang='lat' dir='ltr'>per</span> <span class='ocrx_word' id='word_1_189' title='bbox 467 2830 569 2880; x_wconf 86' lang='lat' dir='ltr'>totam</span> <span class='ocrx_word' id='word_1_190' title='bbox 586 2818 788 2882; x_wconf 87' lang='lat' dir='ltr'>Parisiorum</span> <span class='ocrx_word' id='word_1_191' title='bbox 805 2820 933 2897; x_wconf 89' lang='lat' dir='ltr'>urbem,</span> <span class='ocrx_word' id='word_1_192' title='bbox 949 2819 1006 2882; x_wconf 92' lang='lat' dir='ltr'>sed</span> <span class='ocrx_word' id='word_1_193' title='bbox 1021 2834 1053 2884; x_wconf 88' lang='lat' dir='ltr'>et</span> <span class='ocrx_word' id='word_1_194' title='bbox 1066 2820 1107 2884; x_wconf 90' lang='lat' dir='ltr'>ad</span> <span class='ocrx_word' id='word_1_195' title='bbox 1119 2822 1175 2885; x_wconf 91' lang='lat' dir='ltr'>ab·</span> 
     </span>
     <span class='ocr_line' id='line_1_26' title="bbox 57 2915 1172 3006; baseline 0.001 -25"><span class='ocrx_word' id='word_1_196' title='bbox 57 2933 178 2995; x_wconf 91' lang='lat' dir='ltr'>sentes,</span> <span class='ocrx_word' id='word_1_197' title='bbox 198 2918 306 2981; x_wconf 88' lang='lat' dir='ltr'>missis</span> <span class='ocrx_word' id='word_1_198' title='bbox 323 2916 486 3004; x_wconf 77' lang='lat' dir='ltr'>epistoliS,</span> <span class='ocrx_word' id='word_1_199' title='bbox 504 2916 617 2978; x_wconf 92' lang='lat' dir='ltr'>eadem</span> <span class='ocrx_word' id='word_1_200' title='bbox 635 2915 904 3003; x_wconf 79' lang='lat' dir='ltr'>divulgabantur,</span> <span class='ocrx_word' id='word_1_201' title='bbox 920 2918 1059 3004; x_wconf 89' lang='lat' dir='ltr'>perinde</span> <span class='ocrx_word' id='word_1_202' title='bbox 1074 2932 1172 3006; x_wconf 88' lang='lat' dir='ltr'>atque</span> 
     </span>
     <span class='ocr_line' id='line_1_27' title="bbox 56 3013 1173 3125; baseline 0.002 -46"><span class='ocrx_word' id='word_1_203' title='bbox 56 3017 208 3080; x_wconf 78' lang='lat' dir='ltr'>infandae</span> <span class='ocrx_word' id='word_1_204' title='bbox 217 3015 400 3103; x_wconf 86' lang='lat' dir='ltr'>cujuspiam</span> <span class='ocrx_word' id='word_1_205' title='bbox 412 3015 587 3077; x_wconf 89' lang='grc'><strong>1333333333</strong></span> <span class='ocrx_word' id='word_1_206' title='bbox 597 3013 721 3076; x_wconf 90' lang='lat' dir='ltr'>crimen</span> <span class='ocrx_word' id='word_1_207' title='bbox 732 3014 864 3100; x_wconf 92' lang='lat' dir='ltr'>publice</span> <span class='ocrx_word' id='word_1_208' title='bbox 876 3015 1089 3125; x_wconf 82' lang='lat' dir='ltr'>abjurassem.</span> <span class='ocrx_word' id='word_1_209' title='bbox 1106 3017 1173 3081; x_wconf 87' lang='lat' dir='ltr'>Sed</span> 
     </span>
     <span class='ocr_line' id='line_1_28' title="bbox 56 3111 1173 3202; baseline 0 -24"><span class='ocrx_word' id='word_1_210' title='bbox 56 3115 215 3202; x_wconf 91' lang='lat' dir='ltr'>numquid</span> <span class='ocrx_word' id='word_1_211' title='bbox 230 3115 380 3177; x_wconf 79' lang='lat' dir='ltr'>ultronea</span> <span class='ocrx_word' id='word_1_212' title='bbox 397 3111 574 3175; x_wconf 79' lang='lat' dir='ltr'>declaratio</span> <span class='ocrx_word' id='word_1_213' title='bbox 588 3123 663 3174; x_wconf 88' lang='lat' dir='ltr'>ante</span> <span class='ocrx_word' id='word_1_214' title='bbox 676 3111 744 3174; x_wconf 85' lang='lat' dir='ltr'>dic</span> <span class='ocrx_word' id='word_1_215' title='bbox 732 3123 852 3190; x_wconf 92' lang='lat' dir='ltr'>otrum,</span> <span class='ocrx_word' id='word_1_216' title='bbox 871 3125 1027 3176; x_wconf 90' lang='lat' dir='ltr'>retracta</span> <span class='ocrx_word' id='word_1_217' title='bbox 996 3127 1061 3176; x_wconf 91' lang='lat'>10</span> <span class='ocrx_word' id='word_1_218' title='bbox 1073 3113 1173 3178; x_wconf 91' lang='lat' dir='ltr'>debet</span> 
     </span>
     <span class='ocr_line' id='line_1_29' title="bbox 55 3208 1174 3311; baseline -0.002 -35"><span class='ocrx_word' id='word_1_219' title='bbox 55 3213 170 3276; x_wconf 91' lang='lat' dir='ltr'>merito</span> <span class='ocrx_word' id='word_1_220' title='bbox 152 3211 413 3311; x_wconf 73' lang='lat' dir='ltr'>cappellaril...</span> <span class='ocrx_word' id='word_1_221' title='bbox 436 3209 648 3296; x_wconf 78' lang='lat' dir='ltr'>Atquoniam</span> <span class='ocrx_word' id='word_1_222' title='bbox 665 3208 706 3272; x_wconf 92' lang='lat' dir='ltr'>de</span> <span class='ocrx_word' id='word_1_223' title='bbox 723 3234 773 3272; x_wconf 91' lang='lat' dir='ltr'>me</span> <span class='ocrx_word' id='word_1_224' title='bbox 787 3223 950 3318; x_wconf 83' lang='grc'><strong>33333333</strong></span> <span class='ocrx_word' id='word_1_225' title='bbox 972 3210 1054 3274; x_wconf 81' lang='lat' dir='ltr'>falso</span> <span class='ocrx_word' id='word_1_226' title='bbox 1071 3212 1174 3311; x_wconf 22' lang='lat' dir='ltr'>divale</span> 
     </span>
     <span class='ocr_line' id='line_1_30' title="bbox 54 3307 1168 3418; baseline -0.003 -43"><span class='ocrx_word' id='word_1_227' title='bbox 54 3325 126 3400; x_wconf 83' lang='lat' dir='ltr'>gata</span> <span class='ocrx_word' id='word_1_228' title='bbox 142 3312 242 3374; x_wconf 87' lang='lat' dir='ltr'>verba</span> <span class='ocrx_word' id='word_1_229' title='bbox 254 3333 320 3372; x_wconf 90' lang='lat' dir='ltr'>non</span> <span class='ocrx_word' id='word_1_230' title='bbox 334 3332 449 3396; x_wconf 91' lang='lat' dir='ltr'>parum</span> <span class='ocrx_word' id='word_1_231' title='bbox 462 3320 602 3397; x_wconf 82' lang='lat' dir='ltr'>vergunt</span> <span class='ocrx_word' id='word_1_232' title='bbox 615 3308 648 3369; x_wconf 94' lang='lat' dir='ltr'>in</span> <span class='ocrx_word' id='word_1_233' title='bbox 669 3307 812 3369; x_wconf 88' lang='lat' dir='ltr'>nominis</span> <span class='ocrx_word' id='word_1_234' title='bbox 828 3308 892 3370; x_wconf 89' lang='lat' dir='ltr'>mei</span> <span class='ocrx_word' id='word_1_235' title='bbox 909 3309 1168 3418; x_wconf 73' lang='lat' dir='ltr'>ignominiam„</span> 
     </span>
     <span class='ocr_line' id='line_1_31' title="bbox 55 3405 1171 3493; baseline -0.001 -20"><span class='ocrx_word' id='word_1_236' title='bbox 55 3408 387 3493; x_wconf 84' lang='lat' dir='ltr'>retractationemque</span> <span class='ocrx_word' id='word_1_237' title='bbox 404 3418 514 3468; x_wconf 90' lang='lat' dir='ltr'>notam</span> <span class='ocrx_word' id='word_1_238' title='bbox 529 3405 632 3468; x_wconf 86' lang='lat' dir='ltr'>mihi</span> <span class='ocrx_word' id='word_1_239' title='bbox 625 3418 792 3492; x_wconf 81' lang='lat' dir='ltr'>ingerunt,</span> <span class='ocrx_word' id='word_1_240' title='bbox 812 3430 868 3492; x_wconf 85' lang='lat' dir='ltr'>qui</span> <span class='ocrx_word' id='word_1_241' title='bbox 860 3406 987 3469; x_wconf 92' lang='grc'><strong>’(13</strong></span> <span class='ocrx_word' id='word_1_242' title='bbox 937 3430 971 3469; x_wconf 90' lang='grc'>33</span> <span class='ocrx_word' id='word_1_243' title='bbox 975 3408 1171 3472; x_wconf 90' lang='lat' dir='ltr'>tractatione</span> 
     </span>
     <span class='ocr_line' id='line_1_32' title="bbox 54 3503 1171 3593; baseline -0.002 -22"><span class='ocrx_word' id='word_1_244' title='bbox 54 3532 94 3570; x_wconf 92' lang='lat' dir='ltr'>ne</span> <span class='ocrx_word' id='word_1_245' title='bbox 113 3507 250 3571; x_wconf 91' lang='lat' dir='ltr'>verbum</span> <span class='ocrx_word' id='word_1_246' title='bbox 272 3505 405 3593; x_wconf 93' lang='lat' dir='ltr'>quidem</span> <span class='ocrx_word' id='word_1_247' title='bbox 427 3504 488 3566; x_wconf 83' lang='lat' dir='ltr'>feci</span> <span class='ocrx_word' id='word_1_248' title='bbox 504 3503 590 3590; x_wconf 92' lang='lat' dir='ltr'>apud</span> <span class='ocrx_word' id='word_1_249' title='bbox 608 3503 868 3589; x_wconf 85' lang='lat' dir='ltr'>spectatissimos</span> <span class='ocrx_word' id='word_1_250' title='bbox 891 3503 965 3568; x_wconf 93' lang='lat' dir='ltr'>illos</span> <span class='ocrx_word' id='word_1_251' title='bbox 981 3518 1013 3568; x_wconf 94' lang='lat' dir='ltr'>et</span> <span class='ocrx_word' id='word_1_252' title='bbox 1033 3505 1171 3569; x_wconf 89' lang='lat' dir='ltr'>eximios</span> 
     </span>
     <span class='ocr_line' id='line_1_33' title="bbox 54 3600 1170 3694; baseline -0.004 -24"><span class='ocrx_word' id='word_1_253' title='bbox 54 3607 197 3681; x_wconf 90' lang='lat' dir='ltr'>viros...,</span> <span class='ocrx_word' id='word_1_254' title='bbox 216 3628 329 3694; x_wconf 83' lang='lat' dir='ltr'>cogor,</span> <span class='ocrx_word' id='word_1_255' title='bbox 352 3603 493 3688; x_wconf 87' lang='lat' dir='ltr'>arreptis</span> <span class='ocrx_word' id='word_1_256' title='bbox 509 3602 608 3664; x_wconf 91' lang='lat' dir='ltr'>armis</span> <span class='ocrx_word' id='word_1_257' title='bbox 625 3600 808 3678; x_wconf 78' lang='lat' dir='ltr'>litterariiS,</span> <span class='ocrx_word' id='word_1_258' title='bbox 827 3601 899 3664; x_wconf 89' lang='lat' dir='ltr'>istis</span> <span class='ocrx_word' id='word_1_259' title='bbox 917 3602 957 3665; x_wconf 91' lang='lat' dir='ltr'>de</span> <span class='ocrx_word' id='word_1_260' title='bbox 979 3627 1030 3666; x_wconf 92' lang='lat' dir='ltr'>me</span> <span class='ocrx_word' id='word_1_261' title='bbox 1047 3605 1170 3691; x_wconf 88' lang='lat' dir='ltr'>sparsis</span> 
     </span>
     <span class='ocr_line' id='line_1_34' title="bbox 55 3698 1170 3788; baseline -0.004 -19"><span class='ocrx_word' id='word_1_262' title='bbox 55 3703 250 3769; x_wconf 91' lang='lat' dir='ltr'>rumusculis</span> <span class='ocrx_word' id='word_1_263' title='bbox 264 3701 391 3765; x_wconf 87' lang='lat' dir='ltr'>obviam</span> <span class='ocrx_word' id='word_1_264' title='bbox 406 3701 467 3777; x_wconf 88' lang='lat' dir='ltr'>ire,</span> <span class='ocrx_word' id='word_1_265' title='bbox 481 3712 513 3762; x_wconf 91' lang='lat' dir='ltr'>et</span> <span class='ocrx_word' id='word_1_266' title='bbox 527 3700 663 3786; x_wconf 87' lang='lat' dir='ltr'>hujusce</span> <span class='ocrx_word' id='word_1_267' title='bbox 677 3698 903 3786; x_wconf 85' lang='lat' dir='ltr'>apologeticae</span> <span class='ocrx_word' id='word_1_268' title='bbox 917 3700 1170 3788; x_wconf 89' lang='lat' dir='ltr'>disceptationis</span> 
     </span>
     <span class='ocr_line' id='line_1_35' title="bbox 54 3798 1170 3890; baseline -0.003 -24"><span class='ocrx_word' id='word_1_269' title='bbox 54 3802 312 3888; x_wconf 88' lang='lat' dir='ltr'>conscriptione,</span> <span class='ocrx_word' id='word_1_270' title='bbox 353 3798 581 3861; x_wconf 87' lang='lat' dir='ltr'>defensionem</span> <span class='ocrx_word' id='word_1_271' title='bbox 615 3821 731 3860; x_wconf 90' lang='lat' dir='ltr'>causae</span> <span class='ocrx_word' id='word_1_272' title='bbox 765 3821 927 3862; x_wconf 78' lang='lat' dir='ltr'>meae..‚..</span> <span class='ocrx_word' id='word_1_273' title='bbox 967 3823 1006 3861; x_wconf 84' lang='lat' dir='ltr'>ex</span> <span class='ocrx_word' id='word_1_274' title='bbox 1037 3799 1170 3890; x_wconf 82' lang='lat' dir='ltr'>integro</span> 
     </span>
     <span class='ocr_line' id='line_1_36' title="bbox 54 3925 266 3965; baseline -0.033 0"><span class='ocrx_word' id='word_1_275' title='bbox 54 3925 266 3965; x_wconf 80' lang='lat' dir='ltr'>assumere.»</span> 
     </span>
    </p>

    <p class='ocr_par' dir='ltr' id='par_1_4' title="bbox 35 3994 1171 4671">
     <span class='ocr_line' id='line_1_37' title="bbox 35 3994 1170 4082; baseline -0.004 -19"><span class='ocrx_word' id='word_1_276' title='bbox 35 4072 36 4075; x_wconf 8' lang='grc' dir='ltr'><strong>Ἴ</strong></span> <span class='ocrx_word' id='word_1_277' title='bbox 96 4003 202 4063; x_wconf 87' lang='grc'><strong>11333;</strong></span> <span class='ocrx_word' id='word_1_278' title='bbox 221 4000 260 4061; x_wconf 81' lang='grc'>(13</span> <span class='ocrx_word' id='word_1_279' title='bbox 279 4000 468 4059; x_wconf 80' lang='lat' dir='ltr'>necessitate</span> <span class='ocrx_word' id='word_1_280' title='bbox 480 3998 613 4081; x_wconf 76' lang='lat' dir='ltr'>peceati</span> <span class='ocrx_word' id='word_1_281' title='bbox 629 3994 724 4057; x_wconf 81' lang='lat' dir='ltr'>Adae</span> <span class='ocrx_word' id='word_1_282' title='bbox 735 4009 764 4056; x_wconf 84' lang='lat' dir='ltr'>et</span> <span class='ocrx_word' id='word_1_283' title='bbox 778 3996 937 4082; x_wconf 76' lang='lat' dir='ltr'>felicitate</span> <span class='ocrx_word' id='word_1_284' title='bbox 952 3997 1069 4082; x_wconf 81' lang='lat' dir='ltr'>culpae</span> <span class='ocrx_word' id='word_1_285' title='bbox 1080 3999 1170 4082; x_wconf 84' lang='lat' dir='ltr'>ejus-</span> 
     </span>
     <span class='ocr_line' id='line_1_38' title="bbox 51 4091 1167 4183; baseline -0.005 -21"><span class='ocrx_word' id='word_1_286' title='bbox 51 4099 121 4162; x_wconf 83' lang='lat' dir='ltr'>dem</span> <span class='ocrx_word' id='word_1_287' title='bbox 144 4097 346 4183; x_wconf 76' lang='lat' dir='ltr'>apologetico</span> <span class='ocrx_word' id='word_1_288' title='bbox 367 4094 570 4180; x_wconf 73' lang='lat' dir='ltr'>disceptatae,</span> <span class='ocrx_word' id='word_1_289' title='bbox 595 4093 702 4178; x_wconf 81' lang='grc'><strong>(1519)</strong></span> <span class='ocrx_word' id='word_1_290' title='bbox 723 4091 804 4154; x_wconf 91' lang='lat' dir='ltr'>duas</span> <span class='ocrx_word' id='word_1_291' title='bbox 825 4092 1018 4155; x_wconf 91' lang='lat' dir='ltr'>continebat</span> <span class='ocrx_word' id='word_1_292' title='bbox 1037 4105 1167 4180; x_wconf 88' lang='lat' dir='ltr'>partes:</span> 
     </span>
     <span class='ocr_line' id='line_1_39' title="bbox 51 4188 1169 4282; baseline -0.005 -23"><span class='ocrx_word' id='word_1_293' title='bbox 51 4197 83 4259; x_wconf 94' lang='lat' dir='ltr'>in</span> <span class='ocrx_word' id='word_1_294' title='bbox 100 4195 212 4282; x_wconf 91' lang='lat' dir='ltr'>priore</span> <span class='ocrx_word' id='word_1_295' title='bbox 231 4193 442 4257; x_wconf 83' lang='lat' dir='ltr'>Cliclitoveus</span> <span class='ocrx_word' id='word_1_296' title='bbox 458 4191 626 4253; x_wconf 85' lang='lat' dir='ltr'>asserebat</span> <span class='ocrx_word' id='word_1_297' title='bbox 639 4188 820 4252; x_wconf 85' lang='lat' dir='ltr'>Ecclesiam</span> <span class='ocrx_word' id='word_1_298' title='bbox 836 4213 902 4252; x_wconf 94' lang='lat' dir='ltr'>non</span> <span class='ocrx_word' id='word_1_299' title='bbox 919 4191 1092 4254; x_wconf 89' lang='lat' dir='ltr'>intendere</span> <span class='ocrx_word' id='word_1_300' title='bbox 1104 4191 1169 4254; x_wconf 93' lang='lat' dir='ltr'>cul·</span> 
     </span>
     <span class='ocr_line' id='line_1_40' title="bbox 52 4287 1170 4380; baseline -0.005 -23"><span class='ocrx_word' id='word_1_301' title='bbox 52 4319 126 4380; x_wconf 88' lang='lat' dir='ltr'>pam</span> <span class='ocrx_word' id='word_1_302' title='bbox 146 4293 237 4356; x_wconf 80' lang='lat' dir='ltr'>Adae</span> <span class='ocrx_word' id='word_1_303' title='bbox 253 4292 324 4354; x_wconf 81' lang='lat' dir='ltr'>esse</span> <span class='ocrx_word' id='word_1_304' title='bbox 342 4287 560 4368; x_wconf 80' lang='lat' dir='ltr'>necessariam</span> <span class='ocrx_word' id='word_1_305' title='bbox 582 4300 615 4350; x_wconf 92' lang='lat' dir='ltr'>et</span> <span class='ocrx_word' id='word_1_306' title='bbox 634 4287 764 4351; x_wconf 87' lang='lat' dir='ltr'>felicem</span> <span class='ocrx_word' id='word_1_307' title='bbox 785 4287 955 4350; x_wconf 88' lang='lat' dir='ltr'>absolute:</span> <span class='ocrx_word' id='word_1_308' title='bbox 975 4312 1011 4351; x_wconf 92' lang='lat' dir='ltr'>ac</span> <span class='ocrx_word' id='word_1_309' title='bbox 1028 4288 1170 4374; x_wconf 89' lang='lat' dir='ltr'>proinde</span> 
     </span>
     <span class='ocr_line' id='line_1_41' title="bbox 53 4385 1170 4473; baseline -0.005 -18"><span class='ocrx_word' id='word_1_310' title='bbox 53 4416 113 4455; x_wconf 91' lang='lat' dir='ltr'>nec</span> <span class='ocrx_word' id='word_1_311' title='bbox 128 4416 162 4455; x_wconf 91' lang='lat' dir='ltr'>se</span> <span class='ocrx_word' id='word_1_312' title='bbox 179 4389 346 4454; x_wconf 86' lang='lat' dir='ltr'>Ecclesiae</span> <span class='ocrx_word' id='word_1_313' title='bbox 358 4386 599 4463; x_wconf 86' lang='lat' dir='ltr'>contradicere,</span> <span class='ocrx_word' id='word_1_314' title='bbox 619 4410 692 4448; x_wconf 91' lang='lat' dir='ltr'>cum</span> <span class='ocrx_word' id='word_1_315' title='bbox 709 4385 742 4447; x_wconf 91' lang='lat' dir='ltr'>in</span> <span class='ocrx_word' id='word_1_316' title='bbox 760 4410 798 4448; x_wconf 90' lang='lat' dir='ltr'>eo</span> <span class='ocrx_word' id='word_1_317' title='bbox 811 4409 911 4448; x_wconf 91' lang='lat' dir='ltr'>sensu</span> <span class='ocrx_word' id='word_1_318' title='bbox 932 4410 998 4473; x_wconf 94' lang='lat' dir='ltr'>quo</span> <span class='ocrx_word' id='word_1_319' title='bbox 1019 4386 1170 4450; x_wconf 92' lang='lat' dir='ltr'>Ecclesia</span> 
     </span>
     <span class='ocr_line' id='line_1_42' title="bbox 54 4482 1170 4574; baseline -0.004 -22"><span class='ocrx_word' id='word_1_320' title='bbox 54 4491 110 4554; x_wconf 89' lang='lat' dir='ltr'>has</span> <span class='ocrx_word' id='word_1_321' title='bbox 131 4489 299 4552; x_wconf 85' lang='lat' dir='ltr'>orationes</span> <span class='ocrx_word' id='word_1_322' title='bbox 320 4487 483 4574; x_wconf 86' lang='lat' dir='ltr'>rejiceret.</span> <span class='ocrx_word' id='word_1_323' title='bbox 507 4484 659 4548; x_wconf 78' lang='lat' dir='ltr'>Addebat</span> <span class='ocrx_word' id='word_1_324' title='bbox 675 4483 764 4571; x_wconf 89' lang='lat' dir='ltr'>ipsas</span> <span class='ocrx_word' id='word_1_325' title='bbox 782 4483 891 4546; x_wconf 77' lang='lat' dir='ltr'>forsan</span> <span class='ocrx_word' id='word_1_326' title='bbox 906 4482 1007 4546; x_wconf 85' lang='lat' dir='ltr'>fuisse</span> <span class='ocrx_word' id='word_1_327' title='bbox 1021 4484 1170 4571; x_wconf 90' lang='lat' dir='ltr'>interpo-</span> 
     </span>
     <span class='ocr_line' id='line_1_43' title="bbox 56 4581 1171 4671; baseline -0.006 -20"><span class='ocrx_word' id='word_1_328' title='bbox 56 4587 134 4651; x_wconf 87' lang='lat' dir='ltr'>latas</span> <span class='ocrx_word' id='word_1_329' title='bbox 163 4600 217 4650; x_wconf 90' lang='lat' dir='ltr'>aut</span> <span class='ocrx_word' id='word_1_330' title='bbox 239 4586 321 4649; x_wconf 89' lang='lat' dir='ltr'>alius</span> <span class='ocrx_word' id='word_1_331' title='bbox 348 4583 491 4647; x_wconf 91' lang='lat' dir='ltr'>auctoris</span> <span class='ocrx_word' id='word_1_332' title='bbox 508 4607 544 4644; x_wconf 90' lang='lat' dir='ltr'>ac</span> <span class='ocrx_word' id='word_1_333' title='bbox 562 4584 596 4646; x_wconf 86' lang='lat' dir='ltr'>S.</span> <span class='ocrx_word' id='word_1_334' title='bbox 613 4581 779 4671; x_wconf 81' lang='lat' dir='ltr'>Gregorii,</span> <span class='ocrx_word' id='word_1_335' title='bbox 799 4605 872 4644; x_wconf 93' lang='lat' dir='ltr'>cum</span> <span class='ocrx_word' id='word_1_336' title='bbox 899 4605 965 4643; x_wconf 94' lang='lat' dir='ltr'>non</span> <span class='ocrx_word' id='word_1_337' title='bbox 981 4581 1171 4644; x_wconf 89' lang='lat' dir='ltr'>inveniren-</span> 
     </span>
    </p>
   </div>
   <div class='ocr_carea' id='block_1_3' title="bbox 1014 4709 1030 4783">
    <p class='ocr_par' dir='ltr' id='par_1_5' title="bbox 1014 4709 1030 4783">
     <span class='ocr_line' id='line_1_44' title="bbox 1014 4709 1030 4783; baseline 0 0"><span class='ocrx_word' id='word_1_338' title='bbox 1014 4709 1030 4783; x_wconf 73' lang='lat'><strong>³</strong></span> 
     </span>
    </p>
   </div>
   <div class='ocr_carea' id='block_1_4' title="bbox 0 0 1542 5422">
    <p class='ocr_par' dir='ltr' id='par_1_6' title="bbox 0 0 1542 5422">
     <span class='ocr_line' id='line_1_45' title="bbox 0 0 1542 5422; baseline 0 1"><span class='ocrx_word' id='word_1_339' title='bbox 0 0 1542 5422; x_wconf 95' lang='lat' dir='ltr'> </span> 
     </span>
    </p>
   </div>
  </div>
 </body>
</html>
