3074 5422
784 411 944 472 „58-

306 553 401 629 torio,
418 560 522 611 metro
543 547 738 634 praesertim
760 546 908 633 saphico,
931 546 1100 624 inseruit¹,
1124 571 1189 611 non
1207 547 1316 635 ipsum
1337 548 1426 611 inter

304 658 419 733 poetas
432 645 526 709 valde
543 644 785 708 commendant.
802 644 861 707 Ast
880 644 1151 708 versificatoriam
1172 656 1276 708 artem
1291 645 1425 732 penitus

306 744 431 822 calluit,
459 757 493 807 ut
517 756 608 831 patet
626 768 665 807 ex
685 743 802 806 eodem
828 744 1067 821 Eluez'datorm,
1096 743 1129 806 in
1154 768 1220 831 quo
1243 756 1425 807 metrorum

306 866 423 931 genuS,
450 842 601 906 licentias
625 841 814 904 tolerandas
840 853 895 903 aut
920 840 1147 930 corrigendas,
1177 865 1243 904 non
1271 841 1426 928 imperite

306 939 470 1030 designat.
499 942 580 1003 ltem
606 940 688 1003 scite
717 940 757 1002 de
788 938 1005 1026 quorumdam
1040 939 1287 1018 vocabulorum,
1321 965 1351 1004 v.
1391 965 1423 1029 g.

304 1037 420 1115 Maria,
440 1037 633 1114 ParaelituS,
652 1036 842 1114 Catharina,
862 1037 1044 1124 quantitate
1061 1037 1207 1100 disserit.
1228 1037 1263 1102 Si
1280 1037 1424 1115 dubitet,

305 1136 345 1198 ad
374 1135 581 1222 Calepinum,
606 1135 646 1199 ad
676 1134 944 1223 Despauterium,
973 1134 1014 1197 ad
1039 1135 1212 1198 Bebelium
1237 1135 1424 1222 provocat²,

305 1234 435 1321 saepius
451 1246 561 1297 tamen
582 1234 622 1297 ad
639 1246 753 1321 poetas
774 1233 940 1321 antiquos.

349 1335 415 1395 Hos
439 1332 561 1396 etenim
575 1344 690 1419 poetas
711 1333 754 1396 ita
772 1332 897 1417 legerat
921 1344 953 1393 et
978 1332 1168 1394 memoriter
1182 1330 1366 1395 retinuerat
1391 1345 1427 1396 ut

303 1454 417 1494 eorum
432 1431 583 1494 versibus
600 1430 722 1517 scripta
734 1454 791 1493 sua
805 1429 899 1492 lacile
914 1441 1060 1494 ornaret.
1077 1431 1124 1492 Ex
1135 1429 1273 1519 paganis
1289 1429 1425 1517 quidem

304 1528 371 1591 fere
392 1528 519 1591 nullum
544 1553 610 1591 non
634 1541 789 1591 noverat:
816 1528 1020 1604 Terentium,
1043 1527 1231 1618 Virgilium,
1255 1527 1424 1607 Ovidium,

303 1628 482 1702 Lucanum,
519 1627 584 1690 imo
619 1626 796 1704 Catullum,
828 1625 1026 1702 Martialem,
1062 1625 1231 1689 Tibullum
1261 1626 1424 1689 nominat.

305 1724 512 1787 Christianos
529 1749 660 1813 quoque
682 1738 796 1812 poetas
814 1723 1046 1811 frequentavit,
1066 1723 1193 1786 scilieet
1209 1748 1248 1786 ex
1264 1723 1424 1810 antiquis

305 1822 489 1899 Sedulium,
518 1822 704 1899 Aratorem,
727 1824 869 1886 Probam
899 1821 1100 1899 Falconiam,
1123 1824 1316 1898 Juvencum,
1342 1823 1428 1884 For-

303 1933 453 1984 tunatum
469 1934 500 1983 et
517 1921 656 1985 maxime
673 1920 902 1996 Prudentium,
921 1944 961 1983 ex
977 1919 1144 1982 modernis
1164 1932 1273 1982 autem
1290 1921 1429 1982 Petrar-

304 2043 386 2095 cam,
419 2044 515 2106 quem
547 2046 563 2080 a
590 2032 721 2106 poetam
751 2017 1062 2082 christianissimum
1089 2044 1105 2077 r
1135 2015 1256 2080 vocat⁸.
1283 2019 1428 2082 AEneam

305 2117 465 2204 Sylvium,
483 2129 515 2180 et
535 2117 730 2204 praesertim
751 2115 962 2180 Carmelitam
981 2118 1048 2179 lac.
1067 2115 1250 2202 baptistam
1271 2116 1428 2178 Mantua-

304 2239 394 2292 num,
417 2240 516 2303 quem
533 2215 669 2280 Ordinis
691 2213 905 2280 Carmelitani
923 2238 979 2276 sua
996 2226 1101 2277 aetate
1118 2213 1220 2276 decus
1236 2212 1426 2302 egregium,

304 2327 358 2376 aut
379 2313 560 2376 secundum
580 2312 756 2403 Virgilium
777 2311 1004 2400 proclamavit.

349 2414 525 2476 Caeterum
545 2411 608 2474 hoe
631 2411 694 2498 ipsi
715 2423 747 2473 et
767 2411 875 2475 Fabro
896 2409 1147 2473 concedendum
1163 2422 1213 2472 est
1232 2409 1321 2497 quod
1342 2433 1428 2472 nun-

303 2533 402 2596 quam
431 2509 465 2572 in
497 2509 649 2600 legendis
686 2508 826 2596 poeticis
856 2521 911 2571 aut
935 2508 1095 2595 prosaicis
1131 2507 1352 2594 scriptoribus
1378 2507 1426 2570 ita

304 2607 487 2695 elegantiae
508 2620 541 2670 et
557 2607 633 2694 styli
655 2606 825 2694 splendori
846 2606 1072 2683 attenderunt,
1095 2618 1131 2669 ut
1151 2629 1279 2669 morum
1299 2605 1427 2668 hones-

303 2717 417 2787 tatem,
444 2705 595 2794 vitaeque
616 2705 803 2782 utilitatem,
831 2703 975 2791 fideique
1002 2704 1172 2767 veritatem
1199 2703 1424 2791 neglexerint.

306 2805 329 2866 E
346 2816 472 2881 contra,
495 2803 572 2866 dum
588 2803 700 2890 plures
721 2802 807 2890 apud
823 2802 922 2865 Italos
939 2814 994 2865 aut
1011 2804 1208 2879 Germanos,
1226 2826 1304 2889 prae
1321 2800 1428 2865 nimia

304 2902 516 2989 antiquorum
537 2900 736 2978 idololatria,
755 2901 881 2964 frivolis
898 2913 930 2963 et
943 2900 1118 2964 obscaenis
1133 2900 1292 2988 poesibus
1313 2899 1426 2963 indul-

303 3000 437 3088 gebant,
468 2999 693 3077 Cliehtoveus,
725 2999 923 3062 sacerdotali
944 2998 1087 3087 quodam
1107 2998 1267 3061 instinctu
1287 2996 1422 3084 pulsus,

302 3098 441 3187 paganis
464 3122 643 3184 eorumque
665 3097 870 3185 aequalibus,
895 3096 1031 3160 omnino
1057 3095 1257 3159 christianos
1282 3095 1427 3182 piosque

302 3195 458 3282 praetulit
469 3207 632 3271 auctores,
647 3195 804 3282 ipsosque
821 3195 908 3259 solos
920 3194 953 3257 in
970 3193 1069 3258 scolis
1082 3193 1243 3284 legendos
1253 3218 1428 3258 commen-

303 3293 423 3357 davit⁶.

347 3392 580 3471 Quamobrem,
615 3415 699 3454 anno
727 3393 824 3469 1511,
854 3415 928 3454 eum
949 3391 982 3453 in
1002 3389 1125 3454 Codice
1145 3389 1335 3454 Mazarineo
1359 3390 1427 3454 912

301 3489 454 3553 volumen
484 3488 649 3577 quoddam
677 3488 888 3552 describebat
918 3488 951 3551 in
977 3513 1041 3576 quo
1072 3487 1280 3552 Christianos
1308 3499 1427 3574 poetas

303 3587 406 3651 Aldus
432 3586 620 3651 Manutius5
644 3585 805 3664 ediderat,
833 3587 1028 3649 hortabatur
1051 3587 1140 3649 hunc
1162 3586 1424 3676 typographum,

339 3805 364 3853 1.
386 3801 437 3852 Pro
449 3801 552 3852 sabbato
564 3801 597 3852 ad
610 3799 743 3871 Vesperas.
758 3831 793 3839 —-
812 3800 852 3851 Ad
872 3800 1052 3871 Epiphaniam.
1074 3799 1168 3852 -Ad
1189 3799 1426 3868 Quadragesimum

323 3913 327 3922 .
347 3875 389 3932 14,
407 3875 449 3932 22,
468 3875 510 3924 24.

302 3892 319 3942 p
339 3946 363 3994 2.
385 3943 622 4012 Elueidutorium,
648 3945 726 4002 1548,
749 3962 775 4012 p.
798 3947 845 3995 71:
869 3964 883 3994 ι(
907 3942 1034 3994 Honricus
1054 3943 1172 3995 Bebelius
1190 3943 1366 4010 lustingensis‚
1386 3945 1429 3995 vir

301 4016 391 4084 utique
405 4017 432 4066 in
447 4015 643 4066 humanioribus
660 4015 751 4065 litteris
768 4021 793 4065 et
808 4015 959 4066 cultioribus
973 4015 1112 4085 disciplinis
1130 4015 1327 4073 eruditissimus,
1344 4034 1426 4083 quom

302 4088 328 4138 in
341 4087 448 4138 citandis
466 4088 625 4155 hymnorum
644 4086 796 4138 authoribus
811 4087 972 4156 potissimum
992 4087 1121 4156 insequor,
1143 4087 1348 4154 nominatimque
1366 4085 1426 4139 illos

301 4159 400 4226 assigno
415 4159 538 4228 peculiari
550 4159 712 4228 expressione
726 4158 855 4215 authores
868 4176 932 4226 quos
942 4158 974 4208 ab
988 4177 1018 4208 eo
1032 4159 1178 4209 nominatos
1192 4157 1331 4209 invenioin
1342 4176 1424 4210 anno·

302 4231 421 4282 tamentis
433 4230 482 4281 illis
496 4248 561 4298 quae
574 4248 650 4299 super
663 4231 771 4298 hymnos
786 4229 966 4280 ecclesiasticos
978 4230 1112 4298 collegit...
1129 4249 1142 4278 n

338 4303 362 4352 3.
385 4301 440 4360 ld..
459 4304 519 4354 181.
534 4320 625 4370 poema
640 4301 671 4352 de
686 4300 837 4369 Magdalena
852 4320 856 4351 :
875 4301 963 4351 Dulcis
977 4302 1058 4352 amica
1073 4301 1130 4354 Dei.

339 4375 363 4422 4.
384 4373 426 4424 Cf.
444 4391 502 4423 cum
517 4372 652 4431 Rhenano,
669 4372 807 4429 Horawhz,
826 4375 868 4431 12,
885 4380 910 4423 et
925 4372 1002 4423 Fabri
1018 4372 1166 4424 Comment.
1184 4373 1211 4423 in
1229 4378 1258 4423 1⁰
1272 4372 1304 4423 ad
1326 4371 1424 4424 Corin-

303 4444 378 4503 thios,
397 4448 439 4497 15.
457 4475 489 4483 -
500 4443 650 4502 Cochlaeus‚
666 4444 719 4514 ipse
734 4443 863 4502 Erasmus,
876 4451 902 4494 et
916 4444 967 4503 alii,
978 4444 1011 4494 ob
1023 4445 1125 4506 abusus,
1142 4462 1253 4514 paganos
1266 4443 1424 4496 redrobave-

303 4522 372 4566 runt.
1010 4517 1013 4526 '

338 4589 363 4639 5.
385 4587 549 4638 Clichtovous
563 4586 649 4638 laudat
663 4586 739 4639 etiam
755 4586 781 4636 in
799 4585 994 4639 Elueidatorr'o
1005 4586 1063 4638 Jod.
1082 4587 1191 4639 Badium
1205 4607 1219 4637 «
1232 4587 1318 4638 virum
1332 4586 1425 4658 utique
