3074 5422
686 437 841 496 ..82-

206 573 246 635 ab
276 571 482 634 auditoribus
517 583 549 633 et
578 570 708 633 laudem
733 571 889 657 aucupari
922 571 1086 649 laborant,
1118 572 1196 636 dum
1231 572 1326 637 scioli

205 669 311 732 videri
324 668 439 732 volunt
455 680 486 731 et
502 668 670 755 propriam
692 681 860 731 ostentare
881 669 1077 733 doctrinam.
1100 668 1174 734 Alta
1196 684 1228 734 et
1248 695 1328 758 pro-

206 767 306 831 funda
317 766 675 854 populoproponentes
688 767 842 853 mysteria
857 791 941 854 quae
957 767 1145 831 auditorum
1162 768 1329 832 excedunt

207 878 381 951 captum...
408 863 530 927 inllatis
560 864 673 927 buccis
699 864 941 951 sesquipedalia
968 865 1130 928 trutinant
1149 868 1260 930 verba.
1286 868 1329 929 Et

207 963 307 1026 ardua
338 975 436 1049 atque
469 962 622 1024 sublimia
653 962 746 1049 quasi
776 962 807 1024 in
839 963 972 1025 tertium
1004 987 1077 1027 rum
1108 965 1209 1027 Paulo
1239 966 1328 1052 rapti

207 1061 349 1124 luissent
361 1060 489 1123 coelum
507 1072 538 1122 ct
555 1060 725 1123 audissent
742 1085 858 1123 arcana
876 1062 935 1123 Dei
958 1085 1041 1148 quae
1058 1060 1151 1125 effari
1168 1087 1234 1126 non
1250 1062 1327 1126 liee-

207 1172 269 1235 ret‚
288 1158 548 1222 discutientes...
571 1158 635 1221 hlii
656 1183 745 1234 vere,
769 1159 833 1222 nisi
853 1158 1074 1247 theologicam
1096 1161 1328 1248 quaestionem

208 1257 392 1320 rationibus
421 1257 453 1318 in
483 1269 657 1343 utramque
684 1270 811 1343 partem
839 1257 989 1321 adductis
1014 1272 1219 1345 proponunt,
1243 1283 1328 1346 quae

207 1355 413 1418 scolasticam
442 1352 625 1444 efflagitant
655 1354 865 1441 palaestram,
894 1379 959 1418 non
990 1381 1023 1419 se
1051 1369 1170 1444 putant
1198 1370 1328 1420 rectum

208 1453 371 1516 sermonis
393 1452 511 1516 fecisse
532 1453 716 1530 exordium,
740 1454 796 1541 qui
813 1476 873 1517 nec
893 1454 1066 1541 temporiS,
1086 1479 1146 1517 nec
1167 1455 1244 1531 loci,
1267 1478 1328 1517 nec

208 1551 367 1615 auditoris
380 1551 542 1614 rationem
559 1552 733 1629 habentes
745 1565 935 1638 proponunt
946 1553 1069 1639 populo
1080 1577 1218 1640 prorsus
1230 1553 1327 1616 ratio-

208 1649 411 1712 cinationum
434 1649 548 1737 ignaro
564 1674 647 1736 quae
668 1650 700 1712 in
721 1650 894 1738 gymnasio
910 1650 1145 1737 disceptatoris
1166 1651 1327 1716 exercita·

207 1749 297 1811 tione
332 1759 443 1810 essent
476 1746 727 1814 dissolvenda...
763 1749 942 1812 Facessant
975 1749 1067 1824 haec,
1103 1750 1256 1827 obscero,
1296 1763 1328 1813 et

208 1846 337 1909 valeant
358 1858 575 1931 aucupatores
591 1845 760 1933 popularis
776 1844 901 1910 aurae¹.
929 1872 945 1907 n

254 1943 466 2007 Clichtoveus
491 1968 508 2006 e
533 1956 646 2006 eontra
673 1944 877 2030 simplicitati
903 1945 1102 2035 elegantiam
1128 1946 1328 2009 doctrinam·

209 2066 273 2128 quc
291 2041 439 2104 moribus
455 2041 568 2104 utilem
586 2041 734 2105 sociavit.
757 2042 954 2105 Rhetoricae
972 2042 1103 2129 regulas
1119 2043 1159 2106 de
1175 2043 1326 2120 exordio,

210 2139 372 2203 divisione
396 2139 555 2228 generali,
585 2140 801 2227 partibusque
829 2139 988 2203 orationis
1017 2142 1125 2204 tribus
1149 2141 1330 2228 tripliciter

210 2262 307 2325 saepe
323 2237 450 2313 divisis,
474 2250 506 2299 et
527 2237 617 2299 brevi
639 2238 849 2324 peroratione
867 2262 931 2301 non
952 2240 1100 2325 respuit:
1128 2239 1208 2327 quin
1228 2240 1330 2303 etiam

210 2337 298 2423 ipsas
315 2334 518 2423 aliquandiu,
540 2336 735 2421 praesertim
760 2336 793 2399 in
817 2335 1035 2399 concionibus
1059 2361 1199 2425 quarum
1221 2338 1329 2401 solum

210 2433 277 2496 lere
307 2445 520 2520 conspectum
545 2433 716 2511 hahemus,
744 2432 883 2521 rigidius
918 2458 1023 2522 aequo
1057 2434 1187 2498 videtur
1215 2436 1330 2499 obser-

209 2556 313 2595 vasse.
346 2534 381 2594 ln
412 2532 550 2594 caeteris
577 2556 654 2594 vero
688 2556 771 2618 quae
801 2531 949 2621 integrae
983 2532 1140 2623 leguntur
1173 2534 1328 2599 ordinate

211 2630 305 2693 simul
319 2642 351 2692 et
365 2629 534 2719 eleganter
546 2629 709 2717 procedit.
724 2632 841 2694 Coram
853 2631 985 2717 populis
1003 2632 1120 2695 Sacras
1135 2633 1328 2720 Scripturas

210 2751 341 2814 semper
379 2740 632 2805 commentatur,
673 2752 783 2790 coram
821 2728 927 2791 doctis
962 2728 1153 2792 subtiliores
1191 2731 1327 2818 quidem

211 2827 403 2914 Scripturas
428 2850 543 2888 sensus
567 2825 731 2913 explanat,
757 2839 937 2913 poetasque
959 2850 1070 2889 sacros
1094 2828 1145 2891 vel
1169 2830 1326 2915 profanos

210 2925 243 2987 in
259 2923 402 2987 medium
419 2923 562 2987 libenter
579 2923 723 2987 adducit.
739 2926 786 2986 Ex
799 2925 852 2987 his
865 2948 951 2987 nunc
966 2925 1158 3002 versiculoS,
1177 2928 1229 3012 (75
1246 2928 1327 2991 olim

209 3022 385 3109 excerpsit)
407 3045 495 3085 nunc
515 3022 678 3109 exempla,
697 3046 784 3085 nunc
806 3023 999 3100 sententias,
1022 3023 1114 3110 quasi
1131 3039 1327 3090 ornamenta

209 3121 354 3211 collegit.
378 3120 428 3183 hd
450 3119 647 3210 corrigenda
674 3120 765 3195 vitia,
796 3137 906 3184 acutas
931 3121 1090 3208 quasdam
1118 3146 1247 3186 morum
1271 3124 1327 3187 ho-

210 3219 412 3306 minumque,
435 3219 556 3305 quibus
572 3218 718 3281 intentos
735 3218 831 3282 saciat
847 3220 986 3295 animm,
1005 3219 1150 3282 delineat
1166 3222 1325 3306 picturas.

209 3317 389 3404 Sicpingit
405 3317 485 3379 istos
506 3316 651 3379 scolares
673 3317 729 3403 qui
747 3341 820 3379 cum
842 3317 882 3380 ad
899 3318 1004 3380 scolas
1020 3317 1066 3404 pii
1083 3331 1115 3380 et
1131 3318 1328 3383 innoeentes

207 3415 358 3478 venerint
383 3415 423 3478 ad
451 3439 507 3478 sua
530 3414 671 3478 redeunt
694 3415 854 3501 corrupti,
877 3416 928 3478 vel
953 3415 1010 3502 qui
1035 3414 1103 3478 sole
1120 3419 1188 3502 jam
1211 3430 1285 3480 orto
1311 3442 1327 3480 e

144 3518 146 3524 '
207 3513 293 3577 lecto
318 3525 493 3604 exurgunt,
516 3513 566 3575 vel
589 3512 725 3600 prandia
747 3513 834 3575 lauta
863 3513 1062 3600 quaeritant,
1089 3513 1140 3577 vel
1165 3515 1198 3578 in
1218 3516 1326 3579 triviis

207 3636 288 3674 nova
309 3612 505 3698 curiosaque
522 3624 696 3674 venantur.
721 3612 939 3697 Presbyteros
955 3611 1053 3674 etiam
1071 3613 1256 3677 saeculares
1273 3638 1325 3700 pa-

206 3709 328 3773 thetice
350 3709 552 3796 interpellat,
577 3709 632 3796 qui
653 3708 806 3772 ludorum
824 3723 900 3773 sunt
920 3723 1095 3787 amatores,
1114 3711 1202 3773 inter
1218 3710 1326 3776 officia

206 3808 315 3871 divina
336 3807 603 3884 confabulantur,
625 3831 700 3869 cum
723 3807 816 3870 laicis
842 3807 1047 3871 familiariter
1067 3821 1180 3896 agunt,
1203 3809 1325 3873 intem-

206 3907 442 3992 perantiaeque
468 3904 654 3996 indulgent.
687 3906 849 3996 Objurgat
873 3906 950 3968 item
983 3906 1064 3969 istos
1087 3920 1243 3994 parentes
1268 3909 1324 3997 qui

205 4028 325 4090 pueros
347 4003 490 4066 molliter
507 4003 660 4080 educant,
679 4027 824 4090 ususque
846 4004 1109 4091 superstitiosos,
1128 4006 1323 4093 praesertim

204 4102 237 4164 in
259 4116 354 4165 noete
376 4101 562 4166 Nativitatis
584 4113 744 4178 assuetos,
768 4102 994 4189 reprehendit.

250 4203 336 4263 llaec
378 4199 512 4288 quidem
548 4199 775 4264 Clichtoveum
811 4225 908 4287 supra
945 4225 1021 4264 suos
1056 4213 1251 4265 coaetaneos
1290 4202 1323 4265 in

203 4297 428 4385 praedicando
463 4298 637 4362 extollunt.
684 4299 797 4389 Longe
830 4310 940 4361 tamen
980 4300 1073 4363 abest
1111 4300 1190 4387 quin
1226 4300 1323 4363 fuerit

203 4421 341 4485 magnae
357 4396 406 4459 vir
422 4396 643 4484 eloquentiae.
659 4398 732 4483 lpse
749 4396 837 4459 enim
852 4409 993 4460 testatur
1009 4422 1043 4460 se
1059 4422 1125 4461 non
1140 4398 1203 4461 nisi
1220 4398 1322 4463 debili

237 4612 261 4664 1.
285 4611 442 4670 Sermones,
461 4612 538 4664 1550.
