3074 5422
696 463 851 525 -83-

216 599 355 686 quadam
377 599 518 677 actione,
547 623 625 662 voce
655 600 754 662 etiam
784 597 965 685 injucunda
995 622 1179 686 parumque
1212 622 1330 661 sonora

215 696 369 760 donatum
384 697 496 772 luisse,
512 721 571 760 uec
588 697 651 759 nisi
666 696 879 772 mediocriter
895 709 950 760 aut
961 696 1050 759 vivos
1062 696 1189 786 ingenii
1201 695 1333 760 colores

214 808 266 858 aut
289 794 453 858 ferventes
478 796 579 859 animi
604 807 711 857 motus
734 794 939 858 adhibuisse.
972 796 1092 858 Orator
1123 807 1193 858 erat
1217 794 1332 858 acade-

215 895 317 956 micus
338 894 559 980 potiusquam
577 892 758 980 popularis.
781 894 849 956 Nec
867 892 1006 955 mirum:
1029 906 1108 956 tunc
1129 893 1218 955 enim
1240 916 1331 955 exce·

214 991 336 1054 debant
360 991 618 1077 praedicatores,
641 1004 675 1054 ut
696 991 851 1066 diximus,
875 991 1040 1080 gestibuS,
1061 991 1206 1054 motibus
1221 991 1330 1053 trivia·

212 1090 365 1177 libusque
383 1090 530 1153 vocibus.
555 1092 668 1177 ltaque
689 1089 894 1165 Clichtoveo‚
919 1101 953 1151 ut
973 1113 1030 1151 eos
1051 1089 1091 1153 ad
1112 1089 1277 1152 saniorem
1299 1101 1331 1151 et

213 1187 331 1250 litteris
352 1188 539 1275 digniorem
561 1186 753 1250 methodum
771 1199 951 1263 revocaret,
974 1184 1158 1250 affectanda
1175 1200 1244 1250 erat
1266 1186 1329 1250 ele-

211 1286 320 1373 gantia
351 1309 425 1348 cum
457 1285 637 1349 sobrietate
662 1298 694 1348 et
714 1285 886 1372 gravitate.
919 1286 987 1349 Nee
1022 1284 1156 1371 quidem
1187 1283 1327 1347 frustra:

211 1408 283 1446 cum
314 1384 481 1448 multoties
511 1397 543 1446 et
573 1384 605 1446 in
638 1396 794 1446 extraneo
822 1382 979 1445 idiomate
1009 1406 1179 1446 sermones
1209 1383 1326 1469 ipsius,

211 1483 301 1568 quasi
319 1482 462 1569 optimae
478 1482 686 1569 eloquentiae
703 1480 896 1568 specimina,
921 1479 1044 1544 luerint
1064 1480 1236 1571 evulgati¹.

575 1833 717 1898 CAPUT
742 1834 959 1898 DECIMUM.

280 2056 496 2097 cticflrovnus
524 2057 759 2111 nonncflonutu,
788 2058 1073 2114 PRESBYTERORUM‚
1101 2057 1259 2097 NOBILIUM

416 2155 651 2206 PRINCIPUMQUE
678 2157 917 2197 ussoouunrrout
939 2157 1110 2197 lNDULGET.

254 2352 349 2416 Sicut
378 2351 560 2414 litterarum
584 2353 803 2431 renovationi,
835 2354 880 2416 ita
894 2366 925 2416 et
942 2377 1069 2416 morum
1083 2353 1324 2431 reformationi,

210 2473 274 2512 uon
289 2461 417 2512 tantum
438 2449 472 2511 in
492 2450 589 2536 plebe
610 2450 803 2526 christiana,
826 2452 885 2515 sed
906 2453 1004 2514 etiam
1021 2450 1109 2539 apud
1131 2453 1324 2529 monachos,

209 2548 434 2635 presbyteros,
464 2548 593 2611 nobiles
615 2562 648 2612 et
674 2550 857 2636 principes⁹
881 2549 1094 2614 Clichtovous
1114 2550 1324 2639 indulgebat.

211 2647 246 2709 lu
267 2669 333 2733 quo
353 2644 485 2731 quidem
502 2670 615 2733 opere,
634 2647 816 2710 sacerdotis
832 2648 1006 2712 christiani
1022 2648 1118 2711 simul
1140 2661 1172 2710 et
1188 2647 1326 2711 litterati

208 2742 282 2820 viri,
307 2767 432 2805 morem
452 2744 600 2830 gerebat.

253 2840 472 2904 Occasionem
488 2841 528 2904 de
546 2842 727 2904 monastica
752 2842 915 2933 religione
938 2843 1102 2907 tractandi
1125 2855 1324 2930 sumpserat,

206 2951 276 3002 tum
294 2962 333 3002 ex
352 2937 554 3002 Briconneto
576 2939 631 3027 qui
650 2942 684 3005 S.
708 2941 867 3004 Germani
888 2941 928 3003 de
948 2943 1054 3004 l'ratis
1074 2941 1240 3004 abbatiam
1261 2941 1326 3003 ins-

205 3035 402 3100 taurandam
429 3050 631 3124 susceperat,
662 3050 731 3101 tum
762 3063 801 3102 ex
823 3039 1033 3102 Ambasianis
1059 3063 1200 3126 quorum
1228 3062 1324 3115 uuus,

206 3133 395 3199 Cardinalis
416 3134 554 3212 scilicet,
578 3160 629 3198 an.
667 3138 763 3215 1501,
789 3161 805 3200 a
828 3139 862 3201 S.
889 3136 1050 3200 Pontifice
1081 3137 1327 3200 reformationis

206 3231 412 3296 monachalis
437 3234 640 3319 provinciam
667 3249 852 3322 acceperat,
884 3235 967 3298 alter
994 3248 1114 3309 utitem,
1146 3235 1327 3322 Dionysius
1368 3309 1369 3312 Ἴ

204 3330 355 3418 inquam,
383 3331 578 3395 Cluuiacum
608 3357 683 3396 cum
713 3333 773 3396 Ph.
806 3334 1000 3423 Bourgoing
1024 3333 1136 3420 priore
1167 3356 1327 3396 renouare

205 3429 390 3516 inceperat,
411 3431 596 3493 tumetium
616 3455 656 3494 ex
677 3456 736 3494 suo
751 3431 917 3518 discipulo
932 3430 1129 3509 Godefrido,
1152 3431 1326 3494 Ambasia-

208 3550 327 3591 norum
348 3541 480 3613 nepote,
499 3530 554 3616 qui
577 3529 726 3592 (Iluniaei
744 3530 925 3592 monachus
946 3529 1050 3592 sactus
1067 3542 1128 3606 est,
1145 3542 1214 3592 tum
1231 3529 1327 3592 deni·
1405 3549 1407 3553 ⁴

207 3648 274 3711 que
291 3649 331 3687 ex
350 3624 489 3689 diversis
510 3627 754 3690 parisiensibus
770 3627 979 3690 monasteriis
996 3628 1029 3690 in
1044 3651 1128 3714 quae
1140 3627 1181 3690 ad
1197 3627 1327 3714 praedi·

208 3722 352 3786 candum
369 3723 430 3786 fuit
441 3723 629 3788 advocatus
646 3727 713 3790 Noc
725 3738 853 3788 tautum
867 3749 1037 3789 sermones
1051 3725 1138 3812 apud
1150 3725 1327 3814 religiosos

208 3821 339 3896 habuit,
362 3821 535 3885 sedetiam
551 3847 611 3909 pro
623 3823 855 3887 Lirinensibus
870 3823 1015 3888 Caesarii
1032 3823 1247 3900 Arelatensis,
1266 3846 1326 3910 pro

209 3918 488 3984 Cluniacensibus
502 3921 651 4010 {lugonis
666 3946 683 3984 a
698 3924 731 3986 S.
745 3922 890 3999 Victore,
905 3921 1141 4009 Guillelmique
1157 3921 1326 3984 l'arisicn-

209 4017 268 4093 sis,
281 4017 368 4080 varia
381 4017 486 4081 edidit
502 4043 613 4106 opera.
632 4022 713 4096 lmo,
737 4019 814 4082 dum
829 4019 916 4107 apud
928 4019 1166 4083 Cluniaceuses
1182 4018 1325 4107 degebat

209 4139 283 4178 cum
299 4115 477 4203 discipulo,
491 4117 669 4204 complevit
683 4116 925 4206 evulgavitque,
940 4117 1068 4181 duobus
1083 4118 1228 4205 exceptis
1242 4117 1330 4204 capi·

209 4213 299 4276 tibus
319 4213 426 4277 adhuc
446 4214 593 4291 ineditis,
617 4215 739 4279 librum
756 4218 802 4279 De
817 4218 916 4280 lorrde
932 4220 1130 4279 ruonusticue
1146 4217 1325 4304 relegionis.

248 4409 272 4458 1.
295 4406 420 4459 Schmidt.
438 4408 535 4460 Precis
551 4407 741 4461 del'Histoire
754 4408 790 4461 de
800 4408 915 4478 l'Eglise
928 4408 1104 4466 d'Oecideut,
1119 4427 1144 4478 p.
1159 4411 1221 4469 377,
1236 4408 1328 4461 deser-

214 4495 319 4529 monum
334 4480 525 4531 collectionibus
534 4481 654 4550 antiquis,
672 4481 766 4532 scilicet
780 4481 811 4532 de
824 4481 945 4541 Barletta,
962 4478 1059 4539 Geilor,
1079 4479 1206 4540 Maillard,
1226 4479 1327 4540 Mendt,

217 4547 317 4603 Raulin.
334 4582 368 4589 —
381 4551 490 4611 Labitte,
506 4551 688 4604 Predicatr'on
703 4570 736 4604 en
751 4554 869 4612 Fronte,
886 4571 934 4603 aux
950 4564 994 4602 xv⁶
1011 4558 1036 4602 et
1053 4563 1110 4602 rvre
1127 4552 1223 4603 sibeles.
1244 4551 1327 4612 Paris,

219 4621 293 4684 reae,
309 4641 335 4691 p.
354 4625 396 4682 aa,
415 4625 457 4674 aa.
