3074 5422
691 451 850 512 -95..

254 589 327 650 Non
345 587 464 649 mirum
488 586 514 648 si
532 585 743 650 Clichtoveus
770 584 903 647 ultimas
926 584 967 647 de
994 584 1155 673 Dionysio
1176 585 1331 672 proposi·

210 686 320 748 tiones
348 685 486 770 jusserit
520 682 802 759 condemnandas
834 706 908 746 cum
941 683 1025 745 tanti
1060 681 1201 746 faciebat
1234 683 1330 747 istius

208 807 335 870 opera;
358 781 416 845 sed
440 781 563 860 lorsan,
587 780 713 868 aliquot
734 781 829 843 annis
849 793 956 856 antea,
980 804 1046 843 non
1063 793 1128 843 tam
1145 804 1244 871 aegre
1265 783 1330 845 Lu-

206 881 297 943 theri
327 880 368 943 de
395 880 575 944 Scolastica
597 878 845 966 propositiones
874 877 1157 965 reprehendisset.
1186 881 1228 942 nt
1252 891 1331 942 tune

206 979 371 1065 temporis
385 990 474 1041 totus
490 977 522 1039 in
540 977 679 1040 altorum
694 976 958 1039 convertebatur.
978 977 1066 1058 Quin
1082 977 1147 1039 imo
1164 978 1331 1067 suggessit

207 1077 286 1163 ipse
314 1077 453 1162 primus,
483 1089 518 1138 ut
547 1075 678 1162 opinor,
711 1087 823 1137 contra
859 1073 1043 1137 istiusmodi
1070 1076 1328 1162 propositiones

210 1199 331 1238 novum
363 1197 521 1236 censurae
551 1172 697 1248 moduni,
725 1196 791 1260 quo
824 1196 885 1234 nec
919 1173 1139 1236 Lovanienses
1168 1197 1228 1236 nec
1266 1177 1331 1238 Co-

204 1272 376 1335 lonieuses
408 1296 468 1335 nec
495 1273 564 1358 ipse
591 1294 737 1334 summus
763 1268 916 1334 Pontifex
941 1271 991 1333 usi
1012 1269 1154 1348 fuerant,
1184 1271 1324 1345 scilicet,

208 1370 353 1458 singulis
369 1370 656 1457 propositionibus
673 1392 764 1431 suam
783 1366 885 1431 affixit
903 1381 1013 1432 notam
1032 1369 1222 1456 propriam:
1246 1393 1331 1456 quae

207 1468 385 1531 methodus
406 1466 526 1530 deinde
546 1467 581 1539 in
601 1466 801 1554 theologicis
824 1466 923 1529 rebus
946 1490 1076 1554 semper
1093 1479 1142 1530 est
1157 1480 1346 1555 usurpata.¹

256 1565 405 1630 Caeteris
421 1566 519 1651 hujus
530 1565 690 1651 temporis
700 1564 836 1650 judiciis
848 1588 864 1626 a
877 1564 1028 1627 Sorbona
1040 1565 1178 1652 prolatis
1187 1565 1332 1629 Clichto·

208 1688 289 1728 veus
311 1675 400 1726 certo
423 1662 639 1739 adlaboravit,
663 1663 724 1725 etsi
744 1662 881 1750 proprio
902 1662 1036 1726 nomine
1059 1686 1227 1750 nunquam
1243 1664 1332 1727 desi-

209 1775 344 1851 gnatur.
360 1761 484 1824 Eodem
505 1761 593 1823 enim
614 1773 764 1847 tempore
779 1784 845 1847 quo
861 1762 1023 1823 Doctores
1039 1761 1198 1848 quasdam
1215 1785 1332 1848 repro-

210 1861 335 1923 babant
363 1859 543 1936 doctrinas,
578 1859 650 1946 ipse
680 1858 720 1921 de
743 1858 869 1921 eisdem
899 1882 1000 1945 opera
1024 1859 1113 1948 typis
1141 1860 1329 1924 mandabat.

211 1958 311 2022 Liber
332 1957 372 2020 de
401 1958 612 2020 Veneratioae
632 1958 841 2035 Sanctorum,
869 1956 1110 2037 Antilutlreru3‚
1133 1960 1332 2046 Propugna-

211 2056 334 2134 culam,
364 2055 621 2118 Sorboniearum
649 2055 888 2118 sententiarum
916 2068 971 2118 aut
999 2056 1250 2142 preparationes
1277 2068 1333 2120 aut

211 2152 449 2240 explicationes
466 2177 538 2215 esse
554 2151 722 2216 videntur.
743 2155 829 2215 llaec
843 2153 1075 2217 animadvertit
1089 2154 1161 2241 ipse
1176 2154 1210 2217 in
1226 2154 1332 2242 prela·

213 2251 304 2314 tione
323 2249 363 2314 ad
379 2274 461 2339 opus
479 2253 524 2314 De
539 2252 755 2313 Sacramenta
775 2251 1006 2314 Eucharistiae
1026 2264 1139 2322 contra
1157 2253 1333 2316 Oecolam-

212 2349 366 2435 padium:
391 2376 407 2410 a
424 2349 521 2412 Anno
533 2348 697 2436 superiori
718 2348 870 2412 Facultas
888 2350 962 2413 Sao.
981 2350 1097 2413 Theol.
1116 2349 1218 2413 studii
1238 2352 1333 2414 Pari-

213 2448 331 2510 siensis
346 2449 450 2533 (cnjus
471 2447 590 2533 etipse
610 2446 688 2509 licet
708 2446 893 2510 immeritus
910 2471 980 2510 sum
1000 2448 1162 2534 alumnus)
1179 2449 1332 2513 eumdem

212 2545 334 2609 librum
357 2557 472 2608 natura
493 2558 525 2608 et
548 2544 700 2634 diligenti
722 2543 879 2633 indagine
898 2568 914 2607 a
935 2569 968 2608 se
989 2545 1209 2609 examinatum
1229 2571 1265 2610 ac
1281 2571 1332 2611 ex-

214 2666 343 2707 cussum
365 2644 397 2706 in
414 2667 470 2706 sua
492 2643 626 2729 publicu
643 2643 912 2730 congregatione,
931 2644 1078 2707 unanimi
1094 2645 1241 2707 omnium
1257 2669 1332 2708 con·

214 2765 311 2804 seusu
329 2741 458 2804 censuit
474 2765 666 2804 errorum...
687 2740 939 2804 refertissimum
959 2766 1072 2806 esse...
1090 2743 1138 2805 Ex
1152 2742 1214 2805 hac
1229 2742 1333 2832 igitur

215 2839 460 2930 'l‘heologorum
489 2838 724 2901 Parisiensium
750 2838 1026 2902 determinatione
1056 2839 1224 2926 aliquanto
1250 2839 1334 2904 sacta

213 2949 364 3024 temporo
387 2949 562 3023 antequam
583 2935 623 2999 ad
647 2937 729 2999 haec
750 2936 923 3000 scribenda
944 2937 1089 3001 animum
1116 2937 1330 3025 applicarem,

214 3058 417 3124 cognoscere
431 3048 623 3121 promptum
649 3047 710 3112 est,
734 3059 800 3097 uon
821 3035 878 3097 abs
895 3059 930 3097 re
951 3060 1001 3098 me
1022 3035 1183 3099 calamum
1206 3037 1239 3099 in
1257 3060 1332 3100 eum

216 3131 336 3195 librum
358 3132 543 3195 strinxisse.
564 3159 580 3193 »

257 3227 362 3293 Affuit
383 3230 481 3293 etiam
502 3230 641 3294 diversis
659 3229 794 3316 judiciis
818 3243 932 3293 contra
955 3232 1128 3294 Erasmum
1150 3255 1168 3294 a
1190 3233 1274 3296 1524
1291 3232 1332 3296 ad

215 3327 299 3390 l528
324 3328 475 3414 prolatis,
510 3353 611 3416 quum
646 3328 795 3415 ejusdem
828 3331 1020 3392 Encoruium
1051 3331 1259 3393 Matrimonii
1292 3330 1332 3394 12

214 3426 327 3488 martis
348 3425 616 3505 condemnatum,
635 3427 668 3489 in
688 3427 943 3514 Propaguaculo
970 3428 1010 3489 l8
1036 3427 1112 3490 maii
1137 3429 1221 3491 1526
1242 3427 1333 3491 edito

211 3527 276 3611 jam
296 3523 487 3613 impugnet:
502 3524 580 3588 item
593 3524 861 3588 condemnationi
875 3528 902 3588 J.
922 3525 1084 3589 Bernardi
1095 3526 1125 3610 (7
1139 3526 1216 3611 julii
1234 3527 1332 3610 1526)

214 3635 410 3708 cooperatus
423 3636 485 3700 est,
499 3647 571 3686 cum
585 3624 690 3711 ipsam
701 3636 737 3686 ut
753 3636 904 3686 recenter
920 3624 1083 3710 prolatam
1093 3623 1230 3687 indicet.
1248 3624 1333 3687 Aliis

214 3733 324 3783 autem
344 3721 411 3783 sive
432 3720 472 3783 de
495 3722 618 3785 casuali
639 3721 732 3784 lucro
753 3721 970 3809 parochorum
996 3722 1062 3784 sive
1083 3722 1124 3785 de
1144 3734 1333 3812 transgres-

214 3819 308 3881 sione
330 3818 397 3880 voti
418 3819 634 3882 ecclesiastici
651 3819 950 3883 deliberationibus
968 3843 1126 3906 praesens
1146 3820 1257 3883 lorsan
1274 3820 1332 3884 ad-

215 3915 287 3992 luit,
311 3939 384 3979 cum
406 3915 446 3978 de
470 3916 588 3979 iisdem
605 3917 856 4004 quaestionibus
876 3917 909 3980 in
926 3917 993 3980 suis
1015 3917 1329 3995 libristractaverit.

213 4013 361 4077 Dubium
375 4026 485 4077 tamen
502 4028 596 4078 estet
615 4015 793 4103 praecipue
814 4015 854 4078 de
875 4015 1140 4079 discussionibus
1157 4015 1331 4080 occasione

215 4111 313 4174 Fabri
329 4124 362 4174 et
382 4113 576 4175 Briconneti
592 4113 723 4201 saepius
744 4113 879 4176 habitis.

258 4211 332 4273 Non
353 4210 571 4274 omittendum
596 4211 685 4274 istud
711 4212 915 4276 Senonensis
936 4212 1125 4298 provinciae
1146 4212 1332 4276 Concilium

216 4306 245 4368 in
270 4331 337 4394 quo
358 4320 475 4384 tantas,
495 4321 529 4371 ut
544 4309 697 4385 vidimuS,
715 4323 826 4397 partes
842 4310 1000 4388 exercuit,
1019 4310 1109 4397 quod
1124 4310 1258 4398 quidem
1271 4310 1333 4375 fuit

218 4406 309 4490 quasi
348 4406 490 4469 Concilii
529 4406 715 4470 Tridentini
749 4409 1011 4495 praeambulum.
1046 4410 1128 4472 Cum
1162 4409 1332 4496 scripserit

221 4503 426 4566 Clichtoveus
450 4505 545 4568 istius
564 4506 706 4569 Concilii
727 4519 848 4569 statuta
870 4530 974 4593 eaque
995 4531 1070 4570 cum
1094 4508 1332 4572 commentario

223 4591 370 4680 edide‘rit,
381 4605 472 4689 juvat
488 4627 600 4666 rursus
616 4604 807 4667 methodum
820 4604 944 4691 abipso
955 4617 1146 4694 usurpatam
1158 4618 1329 4686 annotare,
