3074 5422
683 410 845 471 ,25-

590 691 733 754 CAPUT
762 691 931 754 Nonou.

210 911 428 951 cucnrovsst's
462 911 530 950 stis
561 911 744 950 RESPONDET
772 911 882 950 Aurcrs
916 911 955 949 ΕΤ
983 911 1048 950 CUM
1089 910 1188 950 Fauno
1221 910 1325 949 Talon

305 1010 473 1050 MARIARUH
495 1009 756 1049 HAGDALENARUM
778 1009 930 1049 SUSTlNET
949 1009 1225 1049 conrnovcnsmu.

682 1127 837 1187 (11111110)

247 1327 315 1388 Nec
344 1337 454 1388 tamen
480 1325 546 1388 otia
576 1324 648 1387 sine
679 1323 849 1388 laboribus
881 1323 1105 1411 consumpsit.
1137 1321 1327 1409 Adjuvante

205 1422 333 1487 Bovillo
347 1425 474 1511 Magno
491 1423 657 1486 inchoavit
672 1423 814 1486 11101111ιά
828 1446 911 1509 quac
928 1446 1015 1485 anno
1033 1423 1115 1485 1590
1132 1433 1209 1484 sunt
1220 1419 1324 1498 edita,

204 1520 446 1608 llugonisquea
459 1523 492 1586 S.
505 1521 639 1586 Victore
650 1519 837 1607 Allegorios
847 1525 880 1583 in
892 1535 1067 1609 utrumque
1082 1521 1327 1584 Testamentum

203 1620 244 1682 ab
266 1619 408 1681 llenrico
430 1619 600 1706 Stephano
618 1617 856 1705 imprimendas
872 1618 1008 1682 curavit.

249 1715 316 1781 Sed
335 1717 531 1804 praesertim
551 1716 664 1779 amicis
685 1717 792 1803 ipsum
809 1715 850 1779 de
869 1716 969 1779 variis
990 1716 1122 1779 casibus
1144 1714 1325 1778 consulen-

202 1815 304 1888 tibus,
323 1814 442 1878 multas
458 1813 604 1878 reddidit
618 1813 788 1902 epistolas,
807 1838 890 1901 quac
907 1814 1015 1878 adhuc
1032 1815 1065 1877 in
1079 1813 1202 1878 Codice
1217 1815 1324 1877 Maza-

204 1912 296 1976 rineo
311 1913 399 1998 (912)
416 1913 584 2003 leguntur,
613 1915 679 1977 Hae
695 1913 830 2000 quidem
847 1912 1019 2000 epistolae,
1043 1913 1128 1975 circa
1149 1936 1233 1998 quae
1254 1936 1327 1975 ver·

204 2023 329 2086 sentur,
352 2010 386 2074 in
408 2011 510 2074 altera
534 2011 634 2098 hujus
655 2011 766 2098 operis
786 2023 892 2097 parto,
915 2011 1012 2074 latius
1036 2010 1321 2098 investigabimus.

206 2105 354 2172 Sufficiat
373 2108 428 2171 hic
448 2132 504 2171 eos
525 2108 673 2172 indicare
693 2108 750 2196 qui
774 2108 814 2172 ad
837 2133 910 2172 eum
932 2108 1188 2194 rescripserunt,
1210 2106 1262 2170 vel
1282 2107 1324 2171 ad

204 2230 287 2293 quos
317 2205 387 2292 ipsc
417 2230 576 2293 responsa
607 2205 710 2269 dedit.
741 2206 945 2270 Nominandi
975 2219 1051 2269 sunt
1079 2205 1167 2268 iuter
1195 2206 1322 2284 Gallos,

204 2303 402 2367 Guillelmus
417 2305 604 2380 Vassorius,
623 2304 852 2368 cluniacensis
869 2305 1061 2379 monachus,
1080 2305 1136 2390 qui
1157 2303 1324 2391 adipsum

204 2404 295 2466 Petri
310 2403 506 2466 Venerabilis
521 2404 656 2486 lryornos
666 2403 861 2481 transmisit,
879 2403 1032 2466 Nicolaus
1049 2402 1247 2490 Chapusius‚
1266 2403 1323 2489 qui

204 2501 316 2577 abeo,
340 2501 396 2564 22³
411 2501 554 2587 januarii
576 2501 673 2578 1518,
696 2502 730 2564 S.
760 2503 918 2565 Vincentii
941 2503 1044 2565 Vitam
1071 2501 1112 2563 ab
1134 2500 1323 2588 Augustino

204 2597 358 2684 scriptam
383 2598 492 2686 petiit,
515 2598 611 2686 eique
637 2600 691 2662 10ἃ
715 2598 873 2662 februarii
903 2599 986 2663 duos
1012 2597 1178 2662 luvenalis
1206 2621 1322 2661 versus

204 2709 442 2759 commentatus
463 2709 530 2760 est:
553 2696 673 2784 quibus
699 2695 871 2760 addendus
896 2709 946 2759 est
966 2697 1067 2760 abbas
1089 2699 1123 2761 S.
1151 2697 1322 2760 Samsonis

204 2793 466 2870 Aurelianensis,
489 2794 541 2856 cui
562 2792 602 2856 de
625 2793 819 2857 auctoritate
840 2795 1036 2885 obligatoria
1058 2794 1266 2881 superiorum
1290 2806 1323 2857 et

204 2891 245 2954 de
273 2890 384 2955 debita
408 2890 598 2955 obedientia
626 2892 860 2956 monachorum
885 2892 1083 2969 consulenti,
1109 2891 1321 2957 Clichtoveus

205 2989 402 3053 solutionem
424 2989 570 3053 reddidit
586 2990 625 3052 ab
647 3003 721 3053 octo
741 2991 941 3054 Doctoribus
962 2991 1194 3078 approbatam:
1216 2989 1322 3054 citan-

204 3085 265 3150 dus
286 3087 364 3151 itcm
386 3089 552 3152 Robertus
572 3091 785 3166 Fortunatus,
813 3089 865 3152 cui
891 3089 1104 3153 Clichtoveus
1124 3087 1213 3151 misit
1236 3087 1323 3174 epis·

203 3184 315 3262 tolum,
338 3211 401 3273 qua
415 3189 469 3273 jus
490 3187 665 3274 episcopos
680 3185 826 3276 eligendi
843 3186 995 3273 capitulis
1011 3199 1065 3250 aut
1082 3185 1232 3249 ecclesiis
1246 3188 1321 3271 jure

204 3282 315 3347 divino
331 3297 519 3372 competere
539 3285 700 3372 probabat
711 3284 732 3346 ¹.

248 3381 447 3445 Nominandi
461 3395 537 3446 sunt
548 3382 645 3445 ctiam
655 3382 742 3445 inter
758 3381 877 3470 Belgas
887 3382 1051 3471 Georgius
1064 3381 1164 3459 Civis,
1175 3381 1321 3446 ludocus

205 3478 348 3556 Caulicr,
367 3492 399 3543 ct
413 3483 557 3544 loannes
578 3480 618 3544 de
639 3480 762 3543 Hondt.

249 3579 276 3641 Λ
298 3578 417 3665 primo,
441 3579 492 3642 cui
513 3581 580 3665 jam
598 3578 638 3642 de
657 3578 890 3666 Indulgentiis,
913 3603 999 3642 anno
1022 3581 1119 3655 1513,
1141 3579 1320 3666 responde-

204 3689 266 3754 rat,
285 3701 368 3764 opus
384 3677 521 3764 recepit,
540 3679 736 3754 0111101516,
754 3677 964 3740 Dominioani
980 3676 1150 3764 cujusdam
1168 3679 1320 3767 negantis

205 3775 341 3838 Mariam
371 3773 471 3838 luisse
504 3776 564 3839 sub
594 3798 691 3839 cruce
721 3799 869 3862 passam:
906 3787 1019 3838 contra
1054 3799 1152 3862 quem
1186 3775 1321 3862 scripsit

205 3873 314 3936 statim
336 3872 368 3935 in
390 3897 449 3936 suo
465 3873 578 3935 Diario
600 3871 722 3936 Codice
743 3873 974 3936 refutationem
990 3897 1087 3960 quam
1102 3897 1160 3936 suo
1176 3872 1262 3936 libro
1280 3872 1320 3936 de

205 3971 439 4058 Compressione
467 3972 606 4058 Virginis
626 3973 812 4034 0111101519
835 3972 985 4034 inseruit.

248 4072 262 4132 J
269 4069 392 4132 udocus
409 4069 540 4133 Caulier
566 4068 805 4146 Gandavensis,
823 4094 920 4156 quem
942 4069 1077 4133 laudant
1093 4068 1318 4147 Clichtoveus,

205 4167 336 4230 llchard
358 4179 390 4230 ct
412 4167 535 4249 (luetis,
560 4179 629 4229 erat
643 4167 893 4243 DominicanuS,
912 4167 1167 4255 ordinariusque
1187 4168 1319 4255 praedi-

205 4278 296 4328 cator
312 4265 474 4342 Curtraci,
496 4266 545 4328 vir
565 4265 652 4353 piuS,
671 4265 842 4352 eloquonS,
866 4265 1231 4353 controversiarumque
1253 4268 1320 4329 sive

206 4365 291 4426 inter
306 4363 526 4426 lmvanicnses
542 4364 608 4426 sive
623 4365 709 4426 inter
722 4362 1052 4440 Clericosmotarum,
1070 4363 1164 4427 valde
1180 4378 1317 4428 amator.

206 4461 355 4552 Singulis
378 4461 445 4524 lero
466 4462 634 4525 mensibus
657 4486 750 4525 casus
771 4486 872 4524 novos
890 4464 1097 4549 proponebat
1113 4462 1317 4538 Clichtoveo,

206 4560 261 4649 qui
278 4560 429 4648 proprias
446 4572 500 4623 aut
520 4563 700 4623 Doctorum
718 4559 898 4623 solutiones
915 4561 977 4648 ipsi
994 4561 1194 4624 remittebat.
1215 4561 1317 4624 Habe·
