3074 5422
572 845 713 910 CAPUT
738 847 955 910 DECIMUM

243 1070 279 1107 DE
301 1069 439 1108 TRIPLlCl
465 1068 626 1107 CONNUBIO
651 1070 677 1108 S.
701 1067 803 1106 ANNAE
829 1067 867 1104 ET
891 1067 930 1105 DE
954 1067 1078 1105 DUOBUS
1103 1065 1285 1106 VERSICULIS

506 1166 537 1204 lN
563 1166 794 1205 Etucrun'ronro
821 1165 1012 1204 SUPPRESSIS.

685 1309 842 1373 (11111111)

247 1536 347 1597 Ortae
365 1545 440 1595 sunt
457 1531 573 1594 iisdem
590 1531 686 1593 annis
702 1529 862 1617 quaedam
878 1554 942 1592 non
961 1529 1042 1593 adeo
1055 1529 1162 1594 minus
1174 1531 1322 1596 celebres

204 1631 461 1706 controversiae,
487 1629 613 1692 scilieet
629 1628 669 1690 de
686 1629 861 1692 Cannabii's
874 1628 910 1692 S.
924 1627 1027 1690 Anam
1045 1640 1077 1691 et
1093 1628 1134 1692 de
1151 1629 1323 1692 versiculis

203 1754 219 1793 a
237 1729 429 1794 Clicbtoveo
451 1727 484 1789 iu
500 1751 559 1790 suo
579 1727 809 1790 Elucidatorio
831 1726 1031 1812 suppressis.

248 1829 297 1890 De
313 1829 412 1889 Deata
429 1826 524 1888 Anna
540 1826 658 1901 Faber,
672 1825 705 1886 in
718 1848 818 1910 opere
831 1827 898 1910 jam
920 1823 1032 1895 citato,
1053 1824 1136 1887 nihil
1152 1825 1215 1887 nisi
1235 1825 1324 1912 quod

204 1949 291 1988 nnnc
317 1936 409 1987 tenet
435 1922 593 1998 Ecclesia,
619 1934 850 2010 proposuerat.
883 1922 1080 1985 Assucrerat
1103 1922 1231 1985 Annam
1258 1947 1324 1985 non

203 2021 357 2086 habuisse
378 2034 509 2108 praeter
528 2020 677 2083 loachim
694 2020 776 2083 duos
797 2021 944 2096 maritos,
964 2044 1024 2082 nec
1038 2033 1168 2107 praeter
1187 2020 1324 2084 Mariam

203 2119 283 2183 duas
304 2119 400 2194 filias,
426 2132 461 2181 ut
484 2131 562 2181 tuno
586 2119 682 2205 vulgo
704 2117 913 2195 credebatur,
933 2117 991 2181 sed
1010 2131 1137 2181 tautum
1165 2142 1204 2181 ex
1224 2118 1324 2181 unico

204 2218 322 2280 marito
343 2217 472 2279 unicam
488 2215 626 2279 Mariam
643 2216 824 2303 peperisse.
840 2216 1069 2301 Quaeopinio,
1084 2215 1144 2279 etsi
1159 2218 1226 2301 jam
1246 2229 1325 2279 tunc

205 2328 274 2379 erat
295 2314 514 2403 probabilior,
537 2338 553 2376 a
575 2312 755 2403 Theologis
775 2314 883 2377 Fabro
904 2315 1042 2401 ejusque
1063 2314 1221 2377 scientiae
1240 2313 1325 2376 invi·
1374 2305 1376 2308 Α

206 2413 375 2489 dentibuS,
390 2413 512 2488 statim,
529 2424 564 2475 ut
579 2411 727 2498 ejusdem
745 2411 785 2474 de
802 2412 925 2498 triplici
937 2411 1133 2501 Magdalena
1145 2412 1322 2487 sententia,

207 2512 298 2598 quasi
311 2511 474 2575 haeresim
490 2509 644 2573 redolens
660 2509 775 2573 odiose
791 2509 852 2572 suit
871 2509 1077 2599 impugnata.
1098 2512 1220 2575 Contra
1235 2509 1325 2572 illam

206 2609 321 2672 aBeda
337 2632 451 2671 rursus
472 2607 589 2670 emissa
612 2620 661 2669 est
676 2632 682 2669 ε
698 2606 859 2694 Apologia
875 2632 940 2696 pro
955 2607 1090 2692 filiabus
1107 2623 1137 2670 et
1156 2608 1326 2693 nesrotidus

206 2707 322 2769 Annae
345 2707 465 2792 (1519).
490 2704 647 2768 Germani
671 2706 864 2791 praesertim
886 2705 1011 2768 Bedam
1039 2718 1115 2768 sunt
1134 2705 1267 2780 imitati,
1295 2717 1327 2767 11

206 2803 339 2892 quidam
352 2828 390 2866 ex
406 2803 453 2865 eis
470 2802 654 2890 apologiam
666 2826 797 2890 quoque
814 2802 1056 2866 connubiorum
1070 2807 1106 2867 Β.
1121 2803 1235 2865 Annae
1247 2826 1327 2865 con-

208 2901 302 2978 didit,
326 2925 409 2989 quae
425 2901 465 2964 ad
481 2901 624 2962 Fabrum
641 2901 838 2963 transmissa
852 2900 923 2965 tuit,
942 2902 1109 2978 Monachi,
1134 2900 1224 2963 urbis
1240 2901 1326 2962 Metz

205 2999 304 3089 vulgo
321 3000 438 3075 dictae,
457 2999 544 3062 inter
561 3022 644 3085 quos
660 3000 701 3063 D.
722 2998 922 3084 Delphinus,
940 2999 1178 3063 Franciscanae
1201 2998 1326 3062 Obser-

206 3097 333 3160 vantiae
362 3095 473 3173 irater,
497 3095 655 3159 Nicolaus
682 3095 784 3172 Orici,
809 3096 1002 3184 Cordigera‚
1026 3096 1184 3161 Claudius
1207 3094 1324 3171 Salini,

206 3196 358 3257 Fratrum
375 3193 541 3257 Minorum
562 3193 654 3279 prior
670 3205 702 3255 et
722 3195 847 3256 Ductor
869 3194 901 3256 in
922 3194 1119 3284 Theologia,
1138 3207 1252 3256 contra
1267 3194 1325 3255 Fa-

208 3292 301 3354 brum
326 3292 359 3353 in
382 3289 548 3354 cathedris
564 3290 714 3353 certatim
731 3290 1009 3354 declamaverunt.
1034 3294 1182 3373 Quorum
1203 3291 1328 3354 clamo-

208 3389 298 3452 ribus
315 3401 435 3466 motus,
452 3387 612 3478 Agrippa,
631 3387 816 3452 Clicbtovei
832 3401 1004 3478 cognatuS,
1027 3402 1202 3477 postquam
1215 3412 1255 3452 ex
1265 3389 1328 3450 Fa-

210 3487 268 3550 bro
284 3500 417 3573 etopus
433 3487 537 3573 ipsius
548 3486 660 3563 Fabri,
679 3499 711 3548 et
724 3486 813 3549 aliud
824 3487 911 3574 apud
928 3489 1112 3552 Germanos
1129 3488 1327 3574 impressum

208 3597 391 3672 receperat,
415 3583 560 3670 scripsit,
583 3583 623 3645 ad
647 3584 876 3647 vindicandam
893 3587 930 3648 B.
959 3585 1087 3648 Annam
1111 3608 1248 3671 ejusque
1269 3583 1328 3646 de·

211 3682 374 3745 sensores:
399 3685 444 3745 De
466 3683 681 3745 Beatissimae
696 3681 812 3745 Annae
831 3684 1044 3770 Monogumia
1059 3707 1099 3746 ac
1115 3686 1208 3746 unica
1226 3706 1328 3770 puer-

204 3785 307 3867 peria,
328 3785 567 3867 propositiones
587 3780 797 3845 abbreviatas
817 3796 848 3844 et
866 3783 1066 3845 articulatas
1080 3785 1185 3869 juxta
1205 3782 1326 3866 discep-

210 3883 362 3941 tationem
383 3879 503 3940 Jarobi
529 3878 635 3941 Fabri
663 3879 881 3965 Stapuleasis,
905 3888 938 3942 ia
960 3881 1042 3943 libro
1065 3881 1105 3942 de
1125 3879 1229 3942 tribus
1251 3902 1325 3940 arna.

210 3977 265 4038 llis
287 3975 421 4063 quidem
440 3976 723 4062 Propositioaibus
744 3976 901 4041 Claudius
923 3977 1027 4041 Salini
1048 3976 1232 4063 respondit,
1258 3988 1327 4038 tum
1411 3975 1414 3980 ’

209 4073 241 4134 in
261 4073 477 4137 concionibus
500 4072 656 4160 publiciS,
678 4087 746 4137 tum
768 4075 801 4137 in
822 4075 965 4162 quodam
987 4075 1086 4152 libro,
1104 4075 1138 4137 in
1159 4098 1224 4162 quo
1241 4074 1329 4139 Coa-

209 4172 368 4234 clusiones
391 4170 543 4234 adversas
567 4171 706 4260 singulis
730 4174 1012 4260 Propositionilus
1033 4172 1200 4262 Agrippae
1223 4195 1340 4258 oppo-¹

209 4271 319 4332 nebat,
350 4268 499 4359 Agrippa
520 4269 630 4332 statim
657 4271 908 4357 responsionem
934 4270 1037 4347 dedit,
1066 4269 1124 4334 sed
1144 4294 1241 4357 qnam
1262 4293 1329 4331 non

210 4366 450 4454 [1151111115ἰῐῃ
471 4391 573 4430 annos
594 4367 769 4457 evulgavit.
794 4369 929 4432 Parisiis
951 4369 1098 4433 fervebat
1117 4369 1232 4432 eadem
1253 4390 1328 4430 con.

210 4465 380 4541 troversia,
410 4477 442 4527 et
467 4489 553 4528 anno
578 4466 662 4528 1523
684 4468 802 4530 Petrus
823 4469 924 4531 Sutor
949 4467 1147 4554 (Conturier)
1176 4490 1259 4554 opus
1288 4464 1329 4527 de

214 4563 351 4651 Triplici
371 4563 539 4651 (1111111111
562 4565 597 4625 B.
620 4563 745 4644 Annae,
770 4566 968 4653 composuit.
991 4565 1201 4630 Clicbtoveus
1223 4562 1329 4626 nullas
