3074 5422
787 424 964 486 -102-

317 560 442 624 dehent
458 561 732 650 interrogareque
750 563 931 647 majores...
949 584 1054 648 nequo
1068 585 1211 649 unquam
1228 561 1275 625 uti
1292 562 1437 649 pessimo

318 661 365 742 (ut
381 661 420 722 H.
439 658 494 743 ait)
510 659 679 746 magistro,
698 659 968 745 praesumptione
985 658 1069 722 sua¹.
1089 685 1104 719 a
1123 661 1197 747 lpse
1209 660 1344 748 quidem
1360 659 1437 724 olim

316 757 380 819 hoc
396 756 554 843 magistro
571 755 677 819 suerat
693 781 783 832 usus,
801 770 834 819 ct
850 769 964 819 contra
982 756 1209 820 'l'raditionem
1226 781 1299 820 cum
1315 759 1437 837 Fabro,

317 854 561 919 Paulumuxori
584 854 684 917 luisse
703 857 869 940 junctum,
892 854 1026 917 ultimos
1048 855 1201 918 homines
1230 880 1297 918 non
1323 881 1440 919 omnes

317 951 496 1015 morituros
523 975 607 1029 esse,
636 964 833 1015 asseruerat.
864 954 1003 1039 insuper
1031 965 1099 1015 tres
1124 977 1197 1016 esse
1224 953 1438 1041 Magdalenas

316 1050 517 1136 unicumque
535 1049 649 1112 bonate
666 1049 882 1127 connubium,
905 1051 998 1135 juxta
1020 1051 1164 1113 habrum
1187 1051 1434 1139 stapulensem,

316 1146 506 1211 admiserat.
523 1151 571 1210 Dc
582 1148 634 1210 his
646 1148 799 1211 omnibus
811 1147 978 1234 publicam
994 1147 1138 1211 confecit
1154 1149 1435 1215 retractationem.

365 1245 526 1310 Similiter
538 1246 570 1309 in
586 1245 858 1332 Propugnaeulo²
873 1245 1064 1332 opinionem
1076 1246 1251 1333 pristinam
1264 1246 1305 1310 de
1317 1248 1440 1312 Tribus

316 1342 684 1432 Magdalenisrcjecit³z
704 1370 719 1403 a
735 1346 821 1430 lpse,
840 1343 896 1419 ait,
913 1342 1085 1421 ediverso,
1099 1344 1329 1432 superioribus
1342 1347 1439 1409 annis

317 1441 423 1532 magis
452 1441 722 1504 contentionibus
749 1440 916 1503 deservire
944 1464 1040 1527 quam
1067 1441 1175 1505 alieno
1200 1442 1318 1506 cedere
1344 1443 1440 1507 intel-

318 1540 417 1603 lectui
448 1540 560 1616 malui,
589 1552 621 1602 et
643 1539 750 1602 minus
778 1539 915 1602 alterius
936 1541 1048 1603 sensui
1074 1564 1172 1627 quam
1198 1565 1270 1603 meo
1296 1542 1438 1618 credidi,

318 1637 519 1724 cumplures
542 1637 642 1700 luisse
664 1639 709 1701 M.
733 1636 948 1727 Magdalenas
968 1662 1106 1725 quarum
1127 1639 1315 1702 meminerit
1337 1642 1440 1704 Evan-

317 1736 453 1824 gelium,
482 1748 514 1798 et
538 1736 675 1799 Mariam
703 1736 852 1799 Marthae
878 1759 1037 1813 sororem,
1061 1760 1126 1798 non
1146 1736 1246 1799 luisse
1266 1737 1440 1802 mulierem

318 1835 350 1898 in
378 1834 509 1897 civitate
530 1833 761 1921 peccatricem,
786 1846 900 1896 eontra
922 1836 959 1896 B.
985 1833 1141 1923 Gregorii
1158 1835 1358 1898 sententiam
1371 1839 1440 1923 jam

318 1932 397 1995 olim
418 1943 582 2019 receptam
600 1944 632 1994 et
652 1931 753 1994 totius
771 1930 937 1994 Ecclesiae
958 1930 1281 2010 determinationem,
1305 1934 1439 2022 scriptis

319 2029 519 2093 contendi.»
561 2028 693 2092 Resutat
724 2028 821 2091 etiam
862 2028 895 2091 in
924 2028 1209 2116 Propugnaculo‘,
1245 2029 1439 2116 opinionem

319 2127 454 2190 Lutheri
472 2127 666 2213 Erasmique
683 2125 723 2189 de
744 2125 901 2216 conjugio
917 2126 1022 2202 Pauli,
1041 2126 1093 2190 cui
1109 2126 1177 2190 scre
1193 2128 1391 2192 adhaeserat
1406 2129 1438 2192 in

318 2224 481 2312 Apologia
511 2223 611 2287 Fabri
637 2223 722 2310 (cod.
756 2224 843 2307 912),
878 2236 910 2286 et
939 2248 1037 2312 quam
1066 2224 1218 2288 Facultas
1248 2226 1438 2313 theologica

321 2325 360 2385 16
386 2321 459 2388 dee.
486 2323 569 2386 1527
593 2334 662 2385 erat
683 2321 961 2398 condemnatura3
985 2322 1089 2408 ipsam
1120 2321 1260 2386 affirmat
1285 2325 1439 2388 Patribus

320 2433 352 2485 et
368 2420 539 2507 speciatim
559 2419 735 2483 Ambrosio
758 2433 790 2483 et
811 2419 948 2484 Nicolao
973 2423 1076 2508 Lyrae
1100 2422 1298 2485 contrariam
1323 2446 1385 2486 nee
1401 2421 1439 2485 ad

321 2518 452 2582 codices
472 2542 609 2609 graecos
629 2531 665 2582 ut
684 2517 762 2580 olim
780 2541 868 2580 nunc
887 2530 1053 2604 provocat.
1073 2557 1116 2566 —
1140 2521 1174 2584 S.
1196 2519 1311 2583 Annae
1332 2520 1439 2608 primo

320 2616 455 2705 quidem
475 2629 542 2680 tres
566 2615 701 2680 maritos
726 2616 760 2678 in
786 2616 852 2679 vita
878 2617 913 2679 S.
942 2617 1076 2680 Coletae
1101 2617 1309 2695 attribuerat,
1338 2642 1439 2682 unum

320 2727 448 2779 tanturn
469 2714 502 2778 in
522 2716 753 2778 Elucidatorio
775 2714 879 2791 1521;
907 2727 939 2777 at
959 2713 1092 2793 deinde,
1121 2715 1216 2779 lectis
1245 2714 1356 2780 forsan
1382 2719 1439 2780 Be·

322 2813 383 2877 dae
405 2813 602 2900 Sutorisque
618 2813 680 2876 hae
700 2811 741 2875 de
763 2837 797 2876 re
813 2812 982 2899 operibus,
999 2812 1039 2876 ad
1052 2813 1191 2900 primam
1207 2814 1348 2878 rediisse
1370 2839 1440 2878 sen·

321 2911 458 2975 tentiam
486 2910 628 2986 videtur,
652 2933 724 2973 cum
756 2934 839 2997 opus
863 2910 993 2973 Satoris
1016 2924 1208 2975 annotatum
1230 2912 1333 2976 amice
1354 2913 1440 2976 inter

323 3034 379 3072 sua
396 3008 627 3072 Bibliothecae
644 3008 796 3095 Capitale
818 3008 1032 3071 Carnotensis
1048 3009 1155 3098 legata
1170 3010 1362 3074 inseruerit.

368 3109 457 3197 Ergo
482 3107 523 3170 de
546 3106 700 3170 Patribus
723 3109 926 3194 Patremque
946 3105 1147 3170 testimoniis
1173 3107 1234 3171 alia
1261 3109 1437 3172 sentiebat.

323 3207 413 3286 Quos
434 3205 511 3268 olim
527 3228 588 3292 pro
607 3204 723 3280 nihile,
742 3203 985 3290 antiquioribus
1010 3204 1169 3292 exceptis,
1193 3205 1261 3269 sere
1282 3207 1438 3286 habebat,

322 3302 397 3366 illos
421 3315 456 3366 ut
479 3302 627 3366 veritatis
652 3301 782 3364 oracula
808 3301 986 3389 divinoque
1011 3302 1130 3389 spiritu
1156 3301 1300 3381 inflatos,
1328 3318 1362 3369 et
1383 3307 1441 3368 Ec-

322 3401 440 3464 clesiae
466 3424 587 3491 organa
618 3399 781 3488 depingit.
815 3398 956 3462 Eosdem
981 3424 1078 3487 saepe
1099 3400 1190 3479 citat,
1219 3413 1252 3464 et
1271 3401 1305 3464 in
1324 3403 1440 3490 primis

322 3498 546 3575 Ambrosium,
569 3499 817 3584 Hieronymum,
840 3496 1074 3585 Augustinum,
1099 3501 1258 3562 loannem
1283 3501 1441 3588 Chryses·

322 3610 459 3673 tomum,
487 3595 700 3683 Cyprianum.
725 3598 873 3677 Quorum
899 3595 1101 3673 testimonia,
1129 3596 1321 3684 praemissis
1342 3622 1441 3687 argu-

322 3694 442 3758 mentis
462 3718 502 3757 ex
516 3696 615 3758 Sacra
633 3695 806 3781 Scriptura
826 3693 941 3766 erutis,
966 3693 998 3755 in
1019 3694 1150 3784 longam
1172 3695 1293 3758 seriem
1307 3697 1438 3760 evolvit.

366 3792 545 3880 'l'heologis
567 3792 645 3854 item
671 3791 867 3867 scolasticis,
892 3803 926 3853 ut
953 3804 985 3854 et
1005 3792 1172 3868 Patribus,
1196 3817 1270 3855 cum
1291 3793 1356 3881 ipsi
1376 3795 1442 3858 sint

322 3914 444 3980 organa
459 3889 673 3966 'l'raditionis,
696 3889 840 3977 priscum
859 3888 1005 3952 restituit
1020 3891 1193 3953 honorem.
1212 3890 1289 3954 lllos
1305 3892 1441 3979 quidem

322 3988 508 4051 5111101521
531 4000 644 4050 contra
667 3987 848 4050 liutherum
868 3987 961 4064 texit,
984 3987 1049 4049 imo
1069 3986 1144 4050 illos
1163 3988 1353 4075 aliquandiu
1377 3989 1441 4053 sre-

322 4086 502 4173 quentavit.
515 4086 585 4149 Etsi
595 4097 785 4148 constanter
796 4084 1165 4173 Dionysi0‚Vietorinis,
1178 4098 1210 4149 et
1223 4088 1257 4150 S.
1270 4088 1441 4151 bernardo

358 4312 382 4360 1.
404 4305 613 4367 Antilatherus,
629 4327 655 4377 p.
673 4310 733 4360 223.

357 4383 382 4430 2.
404 4378 450 4438 111,
469 4381 494 4441 2,
511 4397 535 4447 p.
553 4381 602 4429 132
616 4397 640 4428 v.

357 4454 381 4503 3.
403 4449 527 4501 Eamdcm
542 4449 597 4518 jana
612 4450 736 4519 rejecerat
750 4450 777 4500 in
796 4449 1003 4511 Elucidatorte,
1022 4453 1099 4510 1521,
1118 4451 1158 4502 ed.
1178 4453 1255 4512 1545,
1273 4471 1299 4522 p,
1318 4455 1378 4505 137.
1393 4453 1440 4504 Ed.

322 4523 400 4582 1548,
418 4540 443 4591 p.
459 4524 518 4575 560.
536 4520 584 4574 Ed.
603 4523 678 4580 1548,
693 4540 718 4591 p
737 4524 800 4574 560.
