3074 5422
694 400 849 461 -39..

213 535 340 599 deferre
368 536 533 599 volebant.
561 537 607 599 Re
636 559 724 613 vera,
756 535 965 622 Stapulensis
994 561 1124 624 semper
1146 537 1328 601 catholicus

211 634 408 697 remansisse
434 633 589 697 videtur:
614 634 728 721 utique
752 658 786 696 se
815 634 1012 697 neutraliter
1038 659 1170 722 semper
1199 636 1326 713 habuit,

211 756 435 819 necunquam
457 756 557 794 unum
582 733 717 794 verbum
744 756 804 819 pro
828 731 999 794 catholicis
1024 746 1079 796 aut
1099 757 1159 820 pro
1183 735 1329 797 Luthero

209 830 341 917 publice
375 830 537 916 protulit:
562 829 688 917 utique,
712 829 774 892 sibi
798 854 929 916 semper
951 830 1144 907 conformis,
1168 831 1328 917 quaedam

209 927 380 991 doctrinae
395 939 514 1015 puncta
528 927 734 1004 secundaria,
748 953 777 991 v.
795 953 827 1018 g.
844 927 884 990 de
896 928 1110 992 veneratione
1122 942 1326 1008 sanctorum,

208 1026 248 1089 dc
263 1025 501 1090 traditionibus
528 1026 693 1103 humaniS,
717 1050 814 1089 sensu
832 1026 924 1115 largo
945 1039 978 1089 et
1005 1027 1059 1089 vix
1082 1053 1098 1090 a
1121 1027 1329 1091 Reformato-

209 1124 300 1188 ribus
325 1123 455 1187 diverso
480 1123 655 1201 intellexit,
687 1124 745 1186 sed
766 1148 933 1211 nunquam
956 1124 1110 1213 dogmata
1137 1126 1327 1189 essentialia

208 1236 240 1286 et
271 1223 376 1310 ipsam
401 1222 631 1285 auctoritatem
657 1222 908 1299 hierarchicam,
938 1236 973 1286 ut
993 1224 1168 1300 liutherus,
1194 1224 1324 1310 rejecit.

206 1322 273 1384 Nec
288 1320 423 1407 quidem
436 1319 569 1407 quando
581 1323 668 1383 inter
686 1319 931 1384 Reformatores
946 1320 1160 1411 Argentorati
1175 1335 1326 1386 versatus

208 1432 269 1496 est,
289 1419 410 1506 pignus
432 1431 558 1481 certum
581 1419 820 1482 Reformationi
843 1418 945 1482 dedit.

251 1517 311 1581 nst
326 1517 431 1604 ipsius
452 1517 566 1604 opinio
587 1541 626 1579 ex
647 1516 775 1580 diversa
798 1541 930 1580 suorum
947 1516 1186 1605 discipulorum
1205 1519 1326 1606 agendi

208 1616 334 1679 ratione
355 1614 584 1704 investiganda
605 1627 674 1677 est:
693 1639 794 1702 porro
816 1640 855 1678 ex
876 1615 922 1678 eis
944 1615 997 1679 alii
1019 1615 1099 1678 alias
1119 1630 1231 1703 partes
1252 1631 1329 1681 sunt

207 1713 323 1776 secuti.
347 1713 385 1776 Hi
407 1713 541 1800 quidem
563 1712 759 1800 simpliciter
779 1713 942 1775 haeresim
964 1712 1156 1777 admodum
1178 1714 1246 1777 fere
1262 1717 1327 1778 Lu-

206 1812 292 1874 theri
321 1810 497 1897 amplexati
527 1824 615 1887 sunt,
648 1824 683 1874 ut
710 1811 872 1887 FarelluS,
905 1811 1095 1888 Forentum,
1123 1812 1247 1888 Caroli,
1272 1813 1328 1876 alii

207 1933 284 1972 vero
307 1909 447 1972 mediam
466 1909 549 1971 viam
568 1922 643 1972 sunt
663 1909 816 1995 ingressi,
839 1922 874 1971 ut
895 1908 1063 1972 Gerardus
1087 1910 1190 1972 Rusus
1207 1912 1326 1995 (Rous-

207 2006 277 2091 sel),
299 2006 441 2069 Michael
459 2006 498 2069 de
515 2006 658 2082 hranda,
682 2007 738 2093 qui
759 2007 820 2070 etsi
836 2007 1023 2069 consentire
1040 2008 1327 2072 llelormatoribus

206 2104 266 2167 visi
297 2104 431 2182 luerint,
456 2104 610 2167 catholici
646 2118 756 2167 tamen
794 2105 942 2192 episcopi
974 2104 1049 2168 laeti
1071 2118 1158 2169 sunt.
1187 2106 1326 2170 Bricon-

208 2216 302 2266 notus
324 2202 470 2290 quidem,
493 2203 639 2265 omnium
661 2215 831 2289 patronus,
855 2203 1025 2289 cujusdam
1047 2205 1204 2292 mysticae
1222 2205 1326 2268 refor-

207 2301 359 2364 mationis
383 2301 454 2364 zelo
480 2301 688 2378 obcaecatuS,
712 2301 886 2364 sententiis
909 2302 1095 2364 temerariis
1116 2315 1148 2365 et
1167 2303 1246 2365 viris
1269 2327 1326 2366 au-

209 2397 397 2461 dacioribus
426 2397 621 2486 imprudens
649 2412 681 2462 et
706 2398 830 2462 inscius
851 2397 1027 2462 adhaesit:
1053 2400 1110 2463 sed
1131 2412 1201 2463 toto
1226 2401 1325 2464 corde

207 2520 336 2583 semper
356 2497 538 2560 catholicus
558 2497 728 2560 remansit.
752 2496 883 2560 Caeteri
898 2521 988 2573 vero,
1012 2510 1047 2560 nt
1066 2499 1237 2576 Vatablus,
1260 2500 1325 2561 Bo-

205 2594 312 2672 villus,
326 2596 538 2671 Fortunatus,
557 2619 598 2658 ne
620 2594 791 2658 minimum
812 2595 946 2682 quidem
967 2595 1007 2658 de
1030 2620 1085 2659 sua
1103 2595 1167 2659 fide
1188 2596 1325 2661 dubium

209 2691 424 2780 injecerunt1.

249 2790 404 2855 Strictius
424 2791 532 2855 adhuc
552 2790 781 2854 orthodoxiam
799 2791 902 2854 coluit
922 2792 1150 2871 Cliehtoveus3
1174 2794 1325 2880 quinimo

205 2913 268 2976 qno
288 2888 421 2978 longius
447 2913 463 2951 a
487 2914 521 2951 se
543 2889 721 2975 repelleret
744 2902 872 2952 veteres
906 2913 988 2977 quas
1013 2889 1091 2954 olim
1118 2891 1324 2977 suspiciones

204 2986 432 3072 inspiraverat,
457 3011 495 3049 eo
511 2986 651 3050 validius
667 2987 848 3050 Lutherum
865 2989 1076 3075 expugnavit.
1100 2990 1214 3052 Partes
1235 2990 1324 3053 enim

204 3084 405 3170 principales
427 3087 597 3172 usurpavit
622 3085 654 3147 in
676 3086 913 3172 praeparandis
948 3099 980 3149 et
1000 3085 1193 3174 redigendis
1222 3089 1321 3150 variis

204 3183 353 3245 censuris
380 3183 501 3269 quihus
531 3182 683 3246 Facultas
703 3184 891 3273 theologica
916 3185 1096 3248 liutherum
1121 3185 1320 3275 profligavit.

203 3281 314 3366 Ipsum
335 3280 401 3343 sive
431 3281 567 3368 privatis
592 3281 659 3343 sive
684 3282 827 3368 publicis
856 3282 1101 3372 'l‘heologorum
1133 3283 1323 3347 interfuisse

203 3379 518 3467 congregationibus
543 3392 575 3442 et
594 3380 807 3466 quaestiones
828 3381 983 3468 agitasse,
1010 3380 1123 3466 plnres
1145 3394 1320 3445 testantur.

203 3475 338 3561 lmpulit
353 3476 569 3554 Facultatem,
585 3479 677 3563 juxta
694 3477 943 3555 Chevillerium,
957 3478 997 3541 ad
1014 3478 1323 3542 condemnationem

203 3573 386 3647 serendam,
409 3598 546 3661 eamque
571 3574 605 3636 in
627 3575 728 3638 sorma
752 3600 813 3663 qua
836 3600 923 3639 nunc
944 3576 1153 3640 scribendam
1184 3578 1320 3642 curavit.

203 3671 301 3754 Quod
321 3672 392 3758 ipse
418 3672 601 3736 Glareanus
622 3673 795 3737 coufirmat
818 3675 850 3737 in
879 3674 1018 3760 epistola
1047 3675 1087 3738 ad
1111 3675 1321 3765 Zwinglium,

204 3771 234 3832 4³
251 3768 326 3856 julii
350 3772 446 3846 1521,
471 3770 608 3846 directa,
637 3795 700 3856 qua
721 3772 891 3834 irridendo
913 3773 1108 3860 praecipuos
1128 3775 1227 3860 hujus
1247 3799 1323 3837 sen·

202 3867 325 3930 tentiae
347 3866 492 3931 lautores
514 3869 662 3931 nominat
685 3893 690 3931 :
715 3895 732 3929 a
749 3870 948 3959 blataeologi
965 3871 1082 3948 nostri,
1101 3871 1221 3958 inquit,
1251 3896 1323 3934 sese

203 3964 343 4055 dignum
360 3989 470 4052 egere,
493 3989 533 4028 ne
550 3965 677 4030 scilicet
697 3967 748 4029 vel
773 3980 884 4030 nostra
913 3981 1002 4031 aetas
1024 3968 1213 4032 Pharisaeis
1235 3992 1321 4031 care-

204 4075 265 4126 ret.
302 4065 549 4126 Damnuverunt
576 4064 689 4150 (libros
719 4066 865 4150 lutheri)
895 4066 1070 4144 triumviri,
1107 4065 1224 4144 Beda²‚
1257 4090 1322 4128 non

242 4289 263 4336 1.
287 4285 400 4336 Flaccius
420 4284 535 4355 lllyricus
552 4285 579 4336 in
601 4285 737 4354 Cotologo
757 4287 869 4338 testium
890 4287 1024 4347 veritatis,
1045 4288 1220 4357 Argentomh,
1244 4290 1321 4348 1562,

202 4377 228 4428 p.
247 4359 308 4413 567.
326 4357 442 4407 nominat
457 4357 570 4407 Fabrum
582 4364 607 4408 et
622 4357 811 4416 Clichtovcum,
828 4359 871 4409 sed
887 4359 958 4409 salso.

241 4431 265 4480 2.
288 4427 327 4478 De
346 4428 429 4479 Beda:
447 4428 504 4479 vide
523 4428 742 4498 Bibliographicos
766 4429 848 4480 sontes
867 4438 892 4480 et
912 4430 1104 4481 Dictionaaire
1120 4430 1155 4482 de
1175 4429 1270 4496 Balrle.
1290 4463 1325 4471 —

203 4502 240 4552 Le
262 4499 337 4551 Clerc
357 4519 400 4550 sur
419 4500 505 4570 Bayle,
530 4519 555 4569 p.
579 4502 638 4552 127.
660 4531 695 4538 -
715 4500 800 4556 Gral'..
824 4502 866 4551 Du
882 4501 987 4570 Bouley,
1011 4500 1056 4559 Vl,
1075 4505 1134 4553 194.
1157 4502 1324 4553 -Erasmus

205 4571 290 4623 Bedae
311 4570 383 4624 olim.
408 4573 455 4623 l8'l
485 4570 624 4623 mendacia.
649 4574 700 4623 ‘210
720 4572 867 4624 calumnias.
897 4575 927 4624 '17
957 4573 1127 4642 blasphemias
1151 4574 1322 4643 exprobravit.
