<?xml version="1.0" encoding="UTF-8"?>
<!DOCTYPE html PUBLIC "-//W3C//DTD XHTML 1.0 Transitional//EN"
    "http://www.w3.org/TR/xhtml1/DTD/xhtml1-transitional.dtd">
<html xmlns="http://www.w3.org/1999/xhtml" xml:lang="en" lang="en">
 <head>
  <title>
</title>
<meta http-equiv="Content-Type" content="text/html;charset=utf-8" />
  <meta name='ocr-system' content='tesseract 3.04.00' />
  <meta name='ocr-capabilities' content='ocr_page ocr_carea ocr_par ocr_line ocrx_word'/>
</head>
<body>
  <div class='ocr_page' id='page_1' title='image "./dejudociclichto00clergoog_0111.png"; bbox 0 0 3074 5422; ppageno 0'>
   <div class='ocr_carea' id='block_1_1' title="bbox 701 411 858 472">
    <p class='ocr_par' dir='ltr' id='par_1_1' title="bbox 701 411 858 472">
     <span class='ocr_line' id='line_1_1' title="bbox 701 411 858 472; baseline 0 -17"><span class='ocrx_word' id='word_1_1' title='bbox 701 411 858 472; x_wconf 73' lang='lat'>„74-</span> 
     </span>
    </p>
   </div>
   <div class='ocr_carea' id='block_1_2' title="bbox 216 545 1344 2004">
    <p class='ocr_par' dir='ltr' id='par_1_2' title="bbox 216 545 1339 734">
     <span class='ocr_line' id='line_1_2' title="bbox 216 545 1339 636; baseline -0.001 -25"><span class='ocrx_word' id='word_1_2' title='bbox 216 548 284 612; x_wconf 88' lang='lat' dir='ltr'>Nec</span> <span class='ocrx_word' id='word_1_3' title='bbox 313 546 408 610; x_wconf 86' lang='lat' dir='ltr'>satis:</span> <span class='ocrx_word' id='word_1_4' title='bbox 439 558 473 608; x_wconf 90' lang='lat' dir='ltr'>ut</span> <span class='ocrx_word' id='word_1_5' title='bbox 495 549 625 632; x_wconf 88' lang='lat' dir='ltr'>juvaret</span> <span class='ocrx_word' id='word_1_6' title='bbox 651 545 814 636; x_wconf 87' lang='lat' dir='ltr'>legentes,</span> <span class='ocrx_word' id='word_1_7' title='bbox 847 545 1057 609; x_wconf 91' lang='lat' dir='ltr'>Clichtoveus</span> <span class='ocrx_word' id='word_1_8' title='bbox 1093 546 1339 610; x_wconf 79' lang='lat' dir='ltr'>Commentario</span> 
     </span>
     <span class='ocr_line' id='line_1_3' title="bbox 216 642 1219 734; baseline -0.002 -26"><span class='ocrx_word' id='word_1_9' title='bbox 216 657 318 708; x_wconf 90' lang='lat' dir='ltr'>tuma</span> <span class='ocrx_word' id='word_1_10' title='bbox 339 669 373 708; x_wconf 91' lang='lat' dir='ltr'>se</span> <span class='ocrx_word' id='word_1_11' title='bbox 393 657 499 707; x_wconf 91' lang='lat' dir='ltr'>tuma</span> <span class='ocrx_word' id='word_1_12' title='bbox 521 645 669 730; x_wconf 90' lang='lat' dir='ltr'>probatis</span> <span class='ocrx_word' id='word_1_13' title='bbox 690 643 880 707; x_wconf 85' lang='lat' dir='ltr'>auctoribus</span> <span class='ocrx_word' id='word_1_14' title='bbox 894 642 1027 706; x_wconf 89' lang='lat' dir='ltr'>condita</span> <span class='ocrx_word' id='word_1_15' title='bbox 1043 644 1219 734; x_wconf 84' lang='lat' dir='ltr'><strong>evulgavit.</strong></span> 
     </span>
    </p>

    <p class='ocr_par' dir='ltr' id='par_1_3' title="bbox 218 741 1344 2004">
     <span class='ocr_line' id='line_1_4' title="bbox 260 741 1342 832; baseline 0 -26"><span class='ocrx_word' id='word_1_16' title='bbox 260 744 332 806; x_wconf 95' lang='lat' dir='ltr'>Non</span> <span class='ocrx_word' id='word_1_17' title='bbox 361 741 415 805; x_wconf 92' lang='lat' dir='ltr'>illa</span> <span class='ocrx_word' id='word_1_18' title='bbox 446 741 580 830; x_wconf 89' lang='lat' dir='ltr'>quidem</span> <span class='ocrx_word' id='word_1_19' title='bbox 609 742 723 832; x_wconf 89' lang='lat' dir='ltr'>elegit,</span> <span class='ocrx_word' id='word_1_20' title='bbox 759 766 843 829; x_wconf 91' lang='lat' dir='ltr'>quae</span> <span class='ocrx_word' id='word_1_21' title='bbox 878 754 912 805; x_wconf 89' lang='lat' dir='ltr'>ut</span> <span class='ocrx_word' id='word_1_22' title='bbox 941 743 1101 806; x_wconf 81' lang='lat' dir='ltr'>Postillae</span> <span class='ocrx_word' id='word_1_23' title='bbox 1131 743 1259 806; x_wconf 90' lang='lat' dir='ltr'>Nicolai</span> <span class='ocrx_word' id='word_1_24' title='bbox 1287 743 1342 806; x_wconf 92' lang='lat' dir='ltr'>Li·</span> 
     </span>
     <span class='ocr_line' id='line_1_5' title="bbox 218 839 1339 930; baseline 0 -26"><span class='ocrx_word' id='word_1_25' title='bbox 218 840 325 909; x_wconf 87' lang='lat' dir='ltr'>rensis</span> <span class='ocrx_word' id='word_1_26' title='bbox 345 853 400 903; x_wconf 92' lang='lat' dir='ltr'>aut</span> <span class='ocrx_word' id='word_1_27' title='bbox 421 839 513 904; x_wconf 89' lang='lat' dir='ltr'>Pauli</span> <span class='ocrx_word' id='word_1_28' title='bbox 534 840 716 930; x_wconf 88' lang='lat' dir='ltr'>Burgensis</span> <span class='ocrx_word' id='word_1_29' title='bbox 739 864 798 902; x_wconf 91' lang='lat' dir='ltr'>nec</span> <span class='ocrx_word' id='word_1_30' title='bbox 825 839 901 926; x_wconf 83' lang='lat' dir='ltr'><strong>styli</strong></span> <span class='ocrx_word' id='word_1_31' title='bbox 923 840 1030 903; x_wconf 92' lang='lat' dir='ltr'>nitore</span> <span class='ocrx_word' id='word_1_32' title='bbox 1056 863 1116 903; x_wconf 90' lang='lat' dir='ltr'>nec</span> <span class='ocrx_word' id='word_1_33' title='bbox 1136 841 1339 927; x_wconf 91' lang='lat' dir='ltr'>optimorum</span> 
     </span>
     <span class='ocr_line' id='line_1_6' title="bbox 218 937 1337 1026; baseline 0.002 -25"><span class='ocrx_word' id='word_1_34' title='bbox 218 941 402 1002; x_wconf 80' lang='lat' dir='ltr'>Doctorum</span> <span class='ocrx_word' id='word_1_35' title='bbox 414 938 589 1001; x_wconf 80' lang='lat' dir='ltr'><strong>sententiis</strong></span> <span class='ocrx_word' id='word_1_36' title='bbox 601 937 803 1013; x_wconf 80' lang='lat' dir='ltr'>eminebant,</span> <span class='ocrx_word' id='word_1_37' title='bbox 822 937 879 1000; x_wconf 90' lang='lat' dir='ltr'>scd</span> <span class='ocrx_word' id='word_1_38' title='bbox 893 938 1003 1024; x_wconf 91' lang='lat' dir='ltr'>potius</span> <span class='ocrx_word' id='word_1_39' title='bbox 1018 963 1055 1001; x_wconf 93' lang='lat' dir='ltr'>ea</span> <span class='ocrx_word' id='word_1_40' title='bbox 1070 940 1205 1001; x_wconf 90' lang='lat' dir='ltr'>Patrum</span> <span class='ocrx_word' id='word_1_41' title='bbox 1223 963 1337 1026; x_wconf 91' lang='lat' dir='ltr'>opera,</span> 
     </span>
     <span class='ocr_line' id='line_1_7' title="bbox 218 1035 1338 1125; baseline 0 -25"><span class='ocrx_word' id='word_1_42' title='bbox 218 1037 252 1099; x_wconf 93' lang='lat' dir='ltr'>in</span> <span class='ocrx_word' id='word_1_43' title='bbox 274 1035 476 1124; x_wconf 90' lang='lat' dir='ltr'>quibustum</span> <span class='ocrx_word' id='word_1_44' title='bbox 497 1035 680 1125; x_wconf 85' lang='lat' dir='ltr'>elegantias</span> <span class='ocrx_word' id='word_1_45' title='bbox 698 1035 786 1122; x_wconf 83' lang='lat' dir='ltr'>styli,</span> <span class='ocrx_word' id='word_1_46' title='bbox 811 1048 881 1098; x_wconf 86' lang='lat' dir='ltr'>turu</span> <span class='ocrx_word' id='word_1_47' title='bbox 902 1036 1083 1122; x_wconf 91' lang='lat' dir='ltr'>exquisitas</span> <span class='ocrx_word' id='word_1_48' title='bbox 1108 1037 1338 1114; x_wconf 77' lang='lat' dir='ltr'>auctoritateS,</span> 
     </span>
     <span class='ocr_line' id='line_1_8' title="bbox 224 1133 1341 1221; baseline 0.001 -24"><span class='ocrx_word' id='word_1_49' title='bbox 224 1147 293 1199; x_wconf 94' lang='lat' dir='ltr'>tum</span> <span class='ocrx_word' id='word_1_50' title='bbox 320 1133 459 1196; x_wconf 85' lang='lat' dir='ltr'>maxime</span> <span class='ocrx_word' id='word_1_51' title='bbox 480 1158 637 1196; x_wconf 89' lang='lat' dir='ltr'>sensuum</span> <span class='ocrx_word' id='word_1_52' title='bbox 666 1133 881 1220; x_wconf 89' lang='lat' dir='ltr'>mysticorum</span> <span class='ocrx_word' id='word_1_53' title='bbox 907 1133 1070 1211; x_wconf 81' lang='lat' dir='ltr'>notitiam,</span> <span class='ocrx_word' id='word_1_54' title='bbox 1102 1158 1142 1197; x_wconf 86' lang='lat' dir='ltr'>ex</span> <span class='ocrx_word' id='word_1_55' title='bbox 1167 1134 1341 1221; x_wconf 85' lang='lat' dir='ltr'>Scriptura</span> 
     </span>
     <span class='ocr_line' id='line_1_9' title="bbox 222 1230 1341 1319; baseline 0.002 -25"><span class='ocrx_word' id='word_1_56' title='bbox 222 1232 293 1319; x_wconf 90' lang='lat' dir='ltr'>ipsa</span> <span class='ocrx_word' id='word_1_57' title='bbox 319 1255 385 1294; x_wconf 95' lang='lat' dir='ltr'>non</span> <span class='ocrx_word' id='word_1_58' title='bbox 413 1255 452 1294; x_wconf 89' lang='lat' dir='ltr'>ex</span> <span class='ocrx_word' id='word_1_59' title='bbox 478 1231 669 1294; x_wconf 86' lang='lat' dir='ltr'>hominibus</span> <span class='ocrx_word' id='word_1_60' title='bbox 695 1231 902 1318; x_wconf 85' lang='lat' dir='ltr'>acquisitam,</span> <span class='ocrx_word' id='word_1_61' title='bbox 934 1230 1219 1318; x_wconf 84' lang='lat' dir='ltr'>deprehendebat.</span> <span class='ocrx_word' id='word_1_62' title='bbox 1249 1235 1341 1315; x_wconf 86' lang='lat' dir='ltr'>Qua-</span> 
     </span>
     <span class='ocr_line' id='line_1_10' title="bbox 220 1328 1341 1418; baseline 0.001 -26"><span class='ocrx_word' id='word_1_63' title='bbox 220 1343 358 1418; x_wconf 86' lang='lat' dir='ltr'>propter</span> <span class='ocrx_word' id='word_1_64' title='bbox 378 1328 528 1416; x_wconf 87' lang='lat' dir='ltr'>Hugonis</span> <span class='ocrx_word' id='word_1_65' title='bbox 544 1354 561 1393; x_wconf 88' lang='lat' dir='ltr'>a</span> <span class='ocrx_word' id='word_1_66' title='bbox 583 1332 620 1393; x_wconf 90' lang='lat' dir='ltr'>S⁰</span> <span class='ocrx_word' id='word_1_67' title='bbox 635 1329 769 1394; x_wconf 85' lang='lat' dir='ltr'>Victore</span> <span class='ocrx_word' id='word_1_68' title='bbox 791 1329 974 1417; x_wconf 86' lang='lat' dir='ltr'>Cyrillique</span> <span class='ocrx_word' id='word_1_69' title='bbox 990 1328 1206 1393; x_wconf 82' lang='lat' dir='ltr'>Alexandrini</span> <span class='ocrx_word' id='word_1_70' title='bbox 1221 1343 1341 1394; x_wconf 88' lang='lat' dir='ltr'>tracta·</span> 
     </span>
     <span class='ocr_line' id='line_1_11' title="bbox 218 1427 1339 1516; baseline 0.001 -25"><span class='ocrx_word' id='word_1_71' title='bbox 218 1441 283 1506; x_wconf 79' lang='lat' dir='ltr'>tuS,</span> <span class='ocrx_word' id='word_1_72' title='bbox 302 1427 452 1516; x_wconf 85' lang='lat' dir='ltr'>Hugonis</span> <span class='ocrx_word' id='word_1_73' title='bbox 473 1451 605 1516; x_wconf 89' lang='lat' dir='ltr'>quoque</span> <span class='ocrx_word' id='word_1_74' title='bbox 628 1427 817 1513; x_wconf 78' lang='lat' dir='ltr'>Allegorios</span> <span class='ocrx_word' id='word_1_75' title='bbox 838 1431 871 1490; x_wconf 84' lang='lat' dir='ltr'>in</span> <span class='ocrx_word' id='word_1_76' title='bbox 892 1442 1067 1516; x_wconf 82' lang='lat' dir='ltr'>utrumque</span> <span class='ocrx_word' id='word_1_77' title='bbox 1089 1429 1339 1508; x_wconf 80' lang='lat' dir='ltr'>Testamentum,</span> 
     </span>
     <span class='ocr_line' id='line_1_12' title="bbox 219 1524 1343 1612; baseline -0.002 -22"><span class='ocrx_word' id='word_1_78' title='bbox 219 1525 335 1612; x_wconf 88' lang='lat' dir='ltr'>Cyrilli</span> <span class='ocrx_word' id='word_1_79' title='bbox 359 1549 437 1588; x_wconf 90' lang='lat' dir='ltr'>vero</span> <span class='ocrx_word' id='word_1_80' title='bbox 461 1527 708 1589; x_wconf 80' lang='lat' dir='ltr'>Commentario</span> <span class='ocrx_word' id='word_1_81' title='bbox 734 1524 767 1588; x_wconf 95' lang='lat' dir='ltr'>in</span> <span class='ocrx_word' id='word_1_82' title='bbox 791 1528 962 1602; x_wconf 86' lang='lat' dir='ltr'>loannem,</span> <span class='ocrx_word' id='word_1_83' title='bbox 987 1549 1040 1588; x_wconf 90' lang='lat' dir='ltr'>an.</span> <span class='ocrx_word' id='word_1_84' title='bbox 1064 1525 1162 1605; x_wconf 77' lang='lat'>1508,</span> <span class='ocrx_word' id='word_1_85' title='bbox 1188 1526 1222 1588; x_wconf 93' lang='lat' dir='ltr'>in</span> <span class='ocrx_word' id='word_1_86' title='bbox 1247 1525 1343 1589; x_wconf 88' lang='lat' dir='ltr'>Levi-</span> 
     </span>
     <span class='ocr_line' id='line_1_13' title="bbox 218 1622 1343 1709; baseline 0 -23"><span class='ocrx_word' id='word_1_87' title='bbox 218 1622 333 1700; x_wconf 89' lang='lat' dir='ltr'>ticum‚</span> <span class='ocrx_word' id='word_1_88' title='bbox 356 1646 442 1686; x_wconf 90' lang='lat' dir='ltr'>anno</span> <span class='ocrx_word' id='word_1_89' title='bbox 466 1625 551 1687; x_wconf 75' lang='lat'>1514</span> <span class='ocrx_word' id='word_1_90' title='bbox 573 1622 689 1687; x_wconf 89' lang='lat' dir='ltr'>edidit.</span> <span class='ocrx_word' id='word_1_91' title='bbox 714 1625 788 1709; x_wconf 90' lang='lat' dir='ltr'>lpse</span> <span class='ocrx_word' id='word_1_92' title='bbox 808 1623 940 1686; x_wconf 88' lang='lat' dir='ltr'>tandem</span> <span class='ocrx_word' id='word_1_93' title='bbox 972 1624 1016 1686; x_wconf 74' lang='lat'>4⁰¹·</span> <span class='ocrx_word' id='word_1_94' title='bbox 1041 1623 1145 1687; x_wconf 92' lang='lat' dir='ltr'>libros</span> <span class='ocrx_word' id='word_1_95' title='bbox 1169 1624 1343 1687; x_wconf 83' lang='lat' dir='ltr'>Commen-</span> 
     </span>
     <span class='ocr_line' id='line_1_14' title="bbox 219 1719 1344 1810; baseline 0 -27"><span class='ocrx_word' id='word_1_96' title='bbox 219 1729 382 1784; x_wconf 78' lang='lat' dir='ltr'>tariorum</span> <span class='ocrx_word' id='word_1_97' title='bbox 404 1722 525 1806; x_wconf 75' lang='lat' dir='ltr'>cyrilli</span> <span class='ocrx_word' id='word_1_98' title='bbox 551 1722 584 1785; x_wconf 92' lang='lat' dir='ltr'>in</span> <span class='ocrx_word' id='word_1_99' title='bbox 609 1724 768 1785; x_wconf 87' lang='lat' dir='ltr'>loannem</span> <span class='ocrx_word' id='word_1_100' title='bbox 796 1719 1002 1796; x_wconf 86' lang='lat' dir='ltr'>deficientes,</span> <span class='ocrx_word' id='word_1_101' title='bbox 1032 1745 1071 1784; x_wconf 88' lang='lat' dir='ltr'>ex</span> <span class='ocrx_word' id='word_1_102' title='bbox 1091 1719 1282 1810; x_wconf 83' lang='lat' dir='ltr'>Augustino</span> <span class='ocrx_word' id='word_1_103' title='bbox 1310 1733 1344 1783; x_wconf 91' lang='lat' dir='ltr'>et</span> 
     </span>
     <span class='ocr_line' id='line_1_15' title="bbox 219 1817 1343 1907; baseline -0.001 -24"><span class='ocrx_word' id='word_1_104' title='bbox 219 1819 469 1906; x_wconf 87' lang='lat' dir='ltr'>Chrysostomo,</span> <span class='ocrx_word' id='word_1_105' title='bbox 494 1819 552 1883; x_wconf 93' lang='lat' dir='ltr'>sed</span> <span class='ocrx_word' id='word_1_106' title='bbox 568 1819 677 1907; x_wconf 90' lang='lat' dir='ltr'>potius</span> <span class='ocrx_word' id='word_1_107' title='bbox 693 1843 733 1881; x_wconf 86' lang='lat' dir='ltr'>ex</span> <span class='ocrx_word' id='word_1_108' title='bbox 754 1818 952 1906; x_wconf 82' lang='lat' dir='ltr'>Scripturis,</span> <span class='ocrx_word' id='word_1_109' title='bbox 976 1818 1146 1907; x_wconf 81' lang='lat' dir='ltr'>eleganter</span> <span class='ocrx_word' id='word_1_110' title='bbox 1162 1832 1195 1882; x_wconf 89' lang='lat' dir='ltr'>et</span> <span class='ocrx_word' id='word_1_111' title='bbox 1211 1817 1343 1882; x_wconf 87' lang='lat' dir='ltr'>erudite</span> 
     </span>
     <span class='ocr_line' id='line_1_16' title="bbox 222 1916 402 2004; baseline 0.006 -26"><span class='ocrx_word' id='word_1_112' title='bbox 222 1916 402 2004; x_wconf 89' lang='lat' dir='ltr'>supplevit.</span> 
     </span>
    </p>
   </div>
   <div class='ocr_carea' id='block_1_3' title="bbox 575 2185 983 2251">
    <p class='ocr_par' dir='ltr' id='par_1_4' title="bbox 575 2185 983 2251">
     <span class='ocr_line' id='line_1_17' title="bbox 575 2185 983 2251; baseline -0.007 0"><span class='ocrx_word' id='word_1_113' title='bbox 575 2185 718 2251; x_wconf 84' lang='lat' dir='ltr'><strong>CAPUT</strong></span> <span class='ocrx_word' id='word_1_114' title='bbox 744 2186 983 2250; x_wconf 84' lang='lat' dir='ltr'>SEPTlMUM.</span> 
     </span>
    </p>
   </div>
   <div class='ocr_carea' id='block_1_4' title="bbox 315 2402 1246 2542">
    <p class='ocr_par' dir='ltr' id='par_1_5' title="bbox 315 2402 1246 2542">
     <span class='ocr_line' id='line_1_18' title="bbox 315 2402 1246 2446; baseline -0.003 -1"><span class='ocrx_word' id='word_1_115' title='bbox 315 2404 532 2446; x_wconf 75' lang='lat' dir='ltr'>cmcuTovuus</span> <span class='ocrx_word' id='word_1_116' title='bbox 552 2403 672 2444; x_wconf 75' lang='lat' dir='ltr'>Tuxrus</span> <span class='ocrx_word' id='word_1_117' title='bbox 693 2402 809 2443; x_wconf 78' lang='lat' dir='ltr'>SACROS</span> <span class='ocrx_word' id='word_1_118' title='bbox 830 2403 868 2442; x_wconf 82' lang='lat' dir='ltr'>ET</span> <span class='ocrx_word' id='word_1_119' title='bbox 888 2402 1077 2443; x_wconf 77' lang='lat' dir='ltr'>ulrunfflcos</span> <span class='ocrx_word' id='word_1_120' title='bbox 1098 2403 1246 2442; x_wconf 71' lang='lat' dir='ltr'>cumcun</span> 
     </span>
     <span class='ocr_line' id='line_1_19' title="bbox 627 2500 931 2542; baseline -0.003 -1"><span class='ocrx_word' id='word_1_121' title='bbox 627 2501 759 2542; x_wconf 79' lang='lat' dir='ltr'>nEGuuls</span> <span class='ocrx_word' id='word_1_122' title='bbox 780 2500 931 2541; x_wconf 75' lang='lat' dir='ltr'>sou1c1T.</span> 
     </span>
    </p>
   </div>
   <div class='ocr_carea' id='block_1_5' title="bbox 222 2696 1348 4348">
    <p class='ocr_par' dir='ltr' id='par_1_6' title="bbox 222 2696 1345 3175">
     <span class='ocr_line' id='line_1_20' title="bbox 267 2696 1344 2762; baseline -0.001 -1"><span class='ocrx_word' id='word_1_123' title='bbox 267 2698 351 2762; x_wconf 91' lang='lat' dir='ltr'>Hinc</span> <span class='ocrx_word' id='word_1_124' title='bbox 362 2721 477 2760; x_wconf 90' lang='lat' dir='ltr'>omnes</span> <span class='ocrx_word' id='word_1_125' title='bbox 490 2696 559 2760; x_wconf 84' lang='lat' dir='ltr'>lere</span> <span class='ocrx_word' id='word_1_126' title='bbox 568 2697 781 2760; x_wconf 89' lang='lat' dir='ltr'>auctoritates</span> <span class='ocrx_word' id='word_1_127' title='bbox 792 2721 808 2760; x_wconf 91' lang='lat' dir='ltr'>a</span> <span class='ocrx_word' id='word_1_128' title='bbox 819 2697 1012 2761; x_wconf 91' lang='lat' dir='ltr'>Clichtoveo</span> <span class='ocrx_word' id='word_1_129' title='bbox 1025 2696 1190 2760; x_wconf 89' lang='lat' dir='ltr'>admissae</span> <span class='ocrx_word' id='word_1_130' title='bbox 1204 2697 1344 2761; x_wconf 89' lang='lat' dir='ltr'>reduce-</span> 
     </span>
     <span class='ocr_line' id='line_1_21' title="bbox 222 2794 1345 2882; baseline -0.002 -23"><span class='ocrx_word' id='word_1_131' title='bbox 222 2797 342 2860; x_wconf 91' lang='lat' dir='ltr'>bantur</span> <span class='ocrx_word' id='word_1_132' title='bbox 361 2794 402 2858; x_wconf 92' lang='lat' dir='ltr'>ad</span> <span class='ocrx_word' id='word_1_133' title='bbox 426 2794 632 2882; x_wconf 87' lang='lat' dir='ltr'>Scripturam</span> <span class='ocrx_word' id='word_1_134' title='bbox 664 2798 809 2872; x_wconf 86' lang='lat' dir='ltr'>Sacram,</span> <span class='ocrx_word' id='word_1_135' title='bbox 828 2808 949 2858; x_wconf 89' lang='lat' dir='ltr'>etcum</span> <span class='ocrx_word' id='word_1_136' title='bbox 973 2819 1039 2858; x_wconf 94' lang='lat' dir='ltr'>non</span> <span class='ocrx_word' id='word_1_137' title='bbox 1060 2794 1345 2881; x_wconf 88' lang='lat' dir='ltr'>interpretabatur</span> 
     </span>
     <span class='ocr_line' id='line_1_22' title="bbox 224 2892 1345 2981; baseline -0.001 -23"><span class='ocrx_word' id='word_1_138' title='bbox 224 2893 499 2981; x_wconf 88' lang='lat' dir='ltr'>Scripturamper</span> <span class='ocrx_word' id='word_1_139' title='bbox 512 2895 627 2956; x_wconf 86' lang='lat' dir='ltr'>Patres</span> <span class='ocrx_word' id='word_1_140' title='bbox 643 2905 675 2956; x_wconf 88' lang='lat' dir='ltr'>et</span> <span class='ocrx_word' id='word_1_141' title='bbox 687 2896 861 2969; x_wconf 89' lang='lat' dir='ltr'>Doctores,</span> <span class='ocrx_word' id='word_1_142' title='bbox 881 2917 938 2956; x_wconf 91' lang='lat' dir='ltr'>seu</span> <span class='ocrx_word' id='word_1_143' title='bbox 951 2917 1011 2980; x_wconf 89' lang='lat' dir='ltr'>per</span> <span class='ocrx_word' id='word_1_144' title='bbox 1025 2892 1266 2969; x_wconf 89' lang='lat' dir='ltr'>Traditionem,</span> <span class='ocrx_word' id='word_1_145' title='bbox 1286 2892 1345 2957; x_wconf 90' lang='lat' dir='ltr'>sed</span> 
     </span>
     <span class='ocr_line' id='line_1_23' title="bbox 224 2990 1345 3079; baseline -0.001 -25"><span class='ocrx_word' id='word_1_146' title='bbox 224 2990 1345 3079; x_wconf 84' lang='lat' dir='ltr'>perseipsum,salteminquaestionibusnondelinitis,ideopraeter</span> 
     </span>
     <span class='ocr_line' id='line_1_24' title="bbox 224 3087 1341 3175; baseline -0.003 -22"><span class='ocrx_word' id='word_1_147' title='bbox 224 3089 429 3175; x_wconf 90' lang='lat' dir='ltr'>Scripturam</span> <span class='ocrx_word' id='word_1_148' title='bbox 451 3088 578 3151; x_wconf 94' lang='lat' dir='ltr'>nullum</span> <span class='ocrx_word' id='word_1_149' title='bbox 599 3087 688 3151; x_wconf 91' lang='lat' dir='ltr'>aliud</span> <span class='ocrx_word' id='word_1_150' title='bbox 709 3088 853 3151; x_wconf 87' lang='lat' dir='ltr'>habebat</span> <span class='ocrx_word' id='word_1_151' title='bbox 873 3089 1056 3163; x_wconf 89' lang='lat' dir='ltr'>criterium,</span> <span class='ocrx_word' id='word_1_152' title='bbox 1081 3087 1146 3151; x_wconf 93' lang='lat' dir='ltr'>uisi</span> <span class='ocrx_word' id='word_1_153' title='bbox 1167 3088 1341 3151; x_wconf 91' lang='lat' dir='ltr'>rationem.</span> 
     </span>
    </p>

    <p class='ocr_par' dir='ltr' id='par_1_7' title="bbox 223 3184 1344 3664">
     <span class='ocr_line' id='line_1_25' title="bbox 269 3184 1344 3276; baseline -0.001 -27"><span class='ocrx_word' id='word_1_154' title='bbox 269 3186 440 3273; x_wconf 88' lang='lat' dir='ltr'>Scriptura</span> <span class='ocrx_word' id='word_1_155' title='bbox 455 3209 535 3276; x_wconf 88' lang='lat' dir='ltr'>ergo</span> <span class='ocrx_word' id='word_1_156' title='bbox 551 3185 679 3248; x_wconf 90' lang='lat' dir='ltr'>sincera</span> <span class='ocrx_word' id='word_1_157' title='bbox 695 3184 848 3248; x_wconf 91' lang='lat' dir='ltr'>habenda</span> <span class='ocrx_word' id='word_1_158' title='bbox 865 3199 955 3248; x_wconf 90' lang='lat' dir='ltr'>erat:</span> <span class='ocrx_word' id='word_1_159' title='bbox 974 3198 1006 3248; x_wconf 90' lang='lat' dir='ltr'>et</span> <span class='ocrx_word' id='word_1_160' title='bbox 1019 3184 1259 3249; x_wconf 90' lang='lat' dir='ltr'>recurrendum</span> <span class='ocrx_word' id='word_1_161' title='bbox 1272 3209 1344 3248; x_wconf 90' lang='lat' dir='ltr'>esse</span> 
     </span>
     <span class='ocr_line' id='line_1_26' title="bbox 223 3282 1344 3370; baseline -0.001 -24"><span class='ocrx_word' id='word_1_162' title='bbox 223 3283 357 3348; x_wconf 82' lang='lat' dir='ltr'>dicebat</span> <span class='ocrx_word' id='word_1_163' title='bbox 376 3283 416 3347; x_wconf 89' lang='lat' dir='ltr'>ad</span> <span class='ocrx_word' id='word_1_164' title='bbox 436 3295 562 3346; x_wconf 86' lang='lat' dir='ltr'>textum</span> <span class='ocrx_word' id='word_1_165' title='bbox 585 3283 778 3370; x_wconf 85' lang='lat' dir='ltr'>genuinum.</span> <span class='ocrx_word' id='word_1_166' title='bbox 797 3283 882 3346; x_wconf 91' lang='lat' dir='ltr'>Hine</span> <span class='ocrx_word' id='word_1_167' title='bbox 902 3283 1070 3346; x_wconf 91' lang='lat' dir='ltr'>oriebatur</span> <span class='ocrx_word' id='word_1_168' title='bbox 1091 3282 1272 3345; x_wconf 89' lang='lat' dir='ltr'>necessitas</span> <span class='ocrx_word' id='word_1_169' title='bbox 1294 3282 1344 3345; x_wconf 92' lang='lat' dir='ltr'>in-</span> 
     </span>
     <span class='ocr_line' id='line_1_27' title="bbox 223 3379 1344 3468; baseline -0.001 -24"><span class='ocrx_word' id='word_1_170' title='bbox 223 3381 378 3444; x_wconf 91' lang='lat' dir='ltr'>veniendi</span> <span class='ocrx_word' id='word_1_171' title='bbox 390 3381 594 3468; x_wconf 90' lang='lat' dir='ltr'>antiquiores</span> <span class='ocrx_word' id='word_1_172' title='bbox 607 3392 639 3443; x_wconf 92' lang='lat' dir='ltr'>et</span> <span class='ocrx_word' id='word_1_173' title='bbox 650 3380 797 3443; x_wconf 92' lang='lat' dir='ltr'>melioris</span> <span class='ocrx_word' id='word_1_174' title='bbox 811 3393 908 3443; x_wconf 90' lang='lat' dir='ltr'>notae</span> <span class='ocrx_word' id='word_1_175' title='bbox 924 3379 1076 3444; x_wconf 89' lang='lat' dir='ltr'>codices:</span> <span class='ocrx_word' id='word_1_176' title='bbox 1091 3380 1157 3442; x_wconf 90' lang='lat' dir='ltr'>imo</span> <span class='ocrx_word' id='word_1_177' title='bbox 1174 3379 1247 3443; x_wconf 91' lang='lat' dir='ltr'>istis</span> <span class='ocrx_word' id='word_1_178' title='bbox 1257 3379 1344 3443; x_wconf 92' lang='lat' dir='ltr'>codi-</span> 
     </span>
     <span class='ocr_line' id='line_1_28' title="bbox 223 3477 1341 3567; baseline -0.002 -25"><span class='ocrx_word' id='word_1_179' title='bbox 223 3479 317 3543; x_wconf 89' lang='lat' dir='ltr'>cibus</span> <span class='ocrx_word' id='word_1_180' title='bbox 329 3479 482 3554; x_wconf 91' lang='lat' dir='ltr'>inventis,</span> <span class='ocrx_word' id='word_1_181' title='bbox 500 3477 580 3565; x_wconf 91' lang='lat' dir='ltr'>quid</span> <span class='ocrx_word' id='word_1_182' title='bbox 596 3478 801 3567; x_wconf 84' lang='lat' dir='ltr'>significaret</span> <span class='ocrx_word' id='word_1_183' title='bbox 815 3491 936 3555; x_wconf 78' lang='lat' dir='ltr'>textuS,</span> <span class='ocrx_word' id='word_1_184' title='bbox 948 3480 1040 3565; x_wconf 87' lang='lat' dir='ltr'>juxta</span> <span class='ocrx_word' id='word_1_185' title='bbox 1051 3477 1182 3566; x_wconf 83' lang='lat' dir='ltr'>regulas</span> <span class='ocrx_word' id='word_1_186' title='bbox 1194 3477 1341 3554; x_wconf 89' lang='lat' dir='ltr'>criticae,</span> 
     </span>
     <span class='ocr_line' id='line_1_29' title="bbox 224 3576 561 3664; baseline 0.003 -24"><span class='ocrx_word' id='word_1_187' title='bbox 224 3590 294 3641; x_wconf 88' lang='lat' dir='ltr'>erat</span> <span class='ocrx_word' id='word_1_188' title='bbox 314 3576 561 3664; x_wconf 89' lang='lat' dir='ltr'>inquirendum.</span> 
     </span>
    </p>

    <p class='ocr_par' dir='ltr' id='par_1_8' title="bbox 224 3672 1348 4348">
     <span class='ocr_line' id='line_1_30' title="bbox 268 3672 1345 3760; baseline -0.003 -21"><span class='ocrx_word' id='word_1_189' title='bbox 268 3678 324 3739; x_wconf 84' lang='lat' dir='ltr'>lus</span> <span class='ocrx_word' id='word_1_190' title='bbox 350 3673 541 3738; x_wconf 89' lang='lat' dir='ltr'>conferendi</span> <span class='ocrx_word' id='word_1_191' title='bbox 565 3685 674 3737; x_wconf 87' lang='lat' dir='ltr'>textus</span> <span class='ocrx_word' id='word_1_192' title='bbox 698 3673 883 3760; x_wconf 86' lang='lat' dir='ltr'>primitivos</span> <span class='ocrx_word' id='word_1_193' title='bbox 909 3673 1050 3750; x_wconf 87' lang='lat' dir='ltr'>Bibliae,</span> <span class='ocrx_word' id='word_1_194' title='bbox 1078 3672 1291 3737; x_wconf 89' lang='lat' dir='ltr'>Clichtoveus</span> <span class='ocrx_word' id='word_1_195' title='bbox 1312 3673 1345 3736; x_wconf 93' lang='lat' dir='ltr'>in</span> 
     </span>
     <span class='ocr_line' id='line_1_31' title="bbox 225 3769 1345 3862; baseline -0.002 -26"><span class='ocrx_word' id='word_1_196' title='bbox 225 3772 377 3862; x_wconf 87' lang='lat' dir='ltr'>apologia</span> <span class='ocrx_word' id='word_1_197' title='bbox 404 3794 502 3859; x_wconf 90' lang='lat' dir='ltr'>quam</span> <span class='ocrx_word' id='word_1_198' title='bbox 529 3795 589 3858; x_wconf 90' lang='lat' dir='ltr'>pro</span> <span class='ocrx_word' id='word_1_199' title='bbox 614 3771 732 3848; x_wconf 85' lang='lat' dir='ltr'>Fabro,</span> <span class='ocrx_word' id='word_1_200' title='bbox 765 3770 822 3857; x_wconf 92' lang='lat' dir='ltr'>qui</span> <span class='ocrx_word' id='word_1_201' title='bbox 853 3770 1073 3858; x_wconf 85' lang='lat' dir='ltr'>Epistolarum</span> <span class='ocrx_word' id='word_1_202' title='bbox 1101 3769 1195 3834; x_wconf 91' lang='lat' dir='ltr'>Pauli</span> <span class='ocrx_word' id='word_1_203' title='bbox 1218 3783 1345 3834; x_wconf 88' lang='lat' dir='ltr'>textum</span> 
     </span>
     <span class='ocr_line' id='line_1_32' title="bbox 225 3867 1347 3956; baseline -0.001 -23"><span class='ocrx_word' id='word_1_204' title='bbox 225 3870 380 3933; x_wconf 92' lang='lat' dir='ltr'>usitatum</span> <span class='ocrx_word' id='word_1_205' title='bbox 402 3868 618 3945; x_wconf 88' lang='lat' dir='ltr'>correxerat¹,</span> <span class='ocrx_word' id='word_1_206' title='bbox 647 3867 845 3954; x_wconf 90' lang='lat' dir='ltr'>composuit,</span> <span class='ocrx_word' id='word_1_207' title='bbox 869 3892 936 3931; x_wconf 93' lang='lat' dir='ltr'>non</span> <span class='ocrx_word' id='word_1_208' title='bbox 955 3868 1026 3931; x_wconf 88' lang='lat' dir='ltr'>sine</span> <span class='ocrx_word' id='word_1_209' title='bbox 1046 3868 1187 3956; x_wconf 90' lang='lat' dir='ltr'>quadam</span> <span class='ocrx_word' id='word_1_210' title='bbox 1210 3868 1347 3932; x_wconf 84' lang='lat' dir='ltr'>audacia</span> 
     </span>
     <span class='ocr_line' id='line_1_33' title="bbox 224 3966 1347 4055; baseline -0.001 -25"><span class='ocrx_word' id='word_1_211' title='bbox 224 3967 412 4031; x_wconf 86' lang='lat' dir='ltr'>vindicavit.</span> <span class='ocrx_word' id='word_1_212' title='bbox 441 3993 457 4028; x_wconf 89' lang='lat'>«</span> <span class='ocrx_word' id='word_1_213' title='bbox 487 3966 649 4031; x_wconf 91' lang='lat' dir='ltr'>Standum</span> <span class='ocrx_word' id='word_1_214' title='bbox 681 3979 743 4041; x_wconf 90' lang='lat' dir='ltr'>est,</span> <span class='ocrx_word' id='word_1_215' title='bbox 771 3967 816 4029; x_wconf 91' lang='lat' dir='ltr'>ait</span> <span class='ocrx_word' id='word_1_216' title='bbox 845 3966 885 4029; x_wconf 90' lang='lat' dir='ltr'>de</span> <span class='ocrx_word' id='word_1_217' title='bbox 915 3967 1070 4055; x_wconf 84' lang='lat' dir='ltr'>conjugio</span> <span class='ocrx_word' id='word_1_218' title='bbox 1098 3966 1203 4043; x_wconf 89' lang='lat' dir='ltr'>Pauli,</span> <span class='ocrx_word' id='word_1_219' title='bbox 1234 3966 1347 4052; x_wconf 91' lang='lat' dir='ltr'>potius</span> 
     </span>
     <span class='ocr_line' id='line_1_34' title="bbox 224 4063 1347 4152; baseline -0.002 -24"><span class='ocrx_word' id='word_1_220' title='bbox 224 4065 352 4152; x_wconf 82' lang='lat' dir='ltr'>graecis</span> <span class='ocrx_word' id='word_1_221' title='bbox 372 4064 467 4128; x_wconf 89' lang='lat' dir='ltr'>libris</span> <span class='ocrx_word' id='word_1_222' title='bbox 485 4088 582 4150; x_wconf 91' lang='lat' dir='ltr'>quam</span> <span class='ocrx_word' id='word_1_223' title='bbox 599 4064 723 4143; x_wconf 87' lang='lat' dir='ltr'>latinis,</span> <span class='ocrx_word' id='word_1_224' title='bbox 746 4063 836 4150; x_wconf 90' lang='lat' dir='ltr'>quod</span> <span class='ocrx_word' id='word_1_225' title='bbox 852 4064 901 4127; x_wconf 92' lang='lat' dir='ltr'>illi</span> <span class='ocrx_word' id='word_1_226' title='bbox 920 4064 1119 4126; x_wconf 88' lang='lat' dir='ltr'>vetustiores</span> <span class='ocrx_word' id='word_1_227' title='bbox 1135 4075 1211 4126; x_wconf 93' lang='lat' dir='ltr'>sunt</span> <span class='ocrx_word' id='word_1_228' title='bbox 1230 4076 1262 4126; x_wconf 92' lang='lat' dir='ltr'>et</span> <span class='ocrx_word' id='word_1_229' title='bbox 1279 4064 1347 4127; x_wconf 93' lang='lat' dir='ltr'>ori-</span> 
     </span>
     <span class='ocr_line' id='line_1_35' title="bbox 225 4160 1347 4253; baseline -0.001 -28"><span class='ocrx_word' id='word_1_230' title='bbox 225 4163 364 4252; x_wconf 83' lang='lat' dir='ltr'>ginales.</span> <span class='ocrx_word' id='word_1_231' title='bbox 384 4164 456 4228; x_wconf 91' lang='lat' dir='ltr'>Non</span> <span class='ocrx_word' id='word_1_232' title='bbox 474 4162 561 4224; x_wconf 89' lang='lat' dir='ltr'>enim</span> <span class='ocrx_word' id='word_1_233' title='bbox 578 4161 688 4253; x_wconf 88' lang='lat' dir='ltr'>graeci</span> <span class='ocrx_word' id='word_1_234' title='bbox 706 4161 783 4223; x_wconf 91' lang='lat' dir='ltr'>libri</span> <span class='ocrx_word' id='word_1_235' title='bbox 800 4185 839 4223; x_wconf 82' lang='lat' dir='ltr'>ex</span> <span class='ocrx_word' id='word_1_236' title='bbox 859 4161 970 4224; x_wconf 90' lang='lat' dir='ltr'>latinis</span> <span class='ocrx_word' id='word_1_237' title='bbox 992 4160 1157 4248; x_wconf 91' lang='lat' dir='ltr'>desumpti</span> <span class='ocrx_word' id='word_1_238' title='bbox 1175 4174 1263 4238; x_wconf 92' lang='lat' dir='ltr'>sunt,</span> <span class='ocrx_word' id='word_1_239' title='bbox 1288 4160 1347 4225; x_wconf 89' lang='lat' dir='ltr'>sed</span> 
     </span>
     <span class='ocr_line' id='line_1_36' title="bbox 226 4257 1348 4348; baseline -0.001 -25"><span class='ocrx_word' id='word_1_240' title='bbox 226 4284 242 4322; x_wconf 90' lang='lat' dir='ltr'>e</span> <span class='ocrx_word' id='word_1_241' title='bbox 263 4260 393 4323; x_wconf 93' lang='lat' dir='ltr'>diverso</span> <span class='ocrx_word' id='word_1_242' title='bbox 415 4259 507 4323; x_wconf 92' lang='lat' dir='ltr'>latini</span> <span class='ocrx_word' id='word_1_243' title='bbox 525 4284 564 4322; x_wconf 87' lang='lat' dir='ltr'>ex</span> <span class='ocrx_word' id='word_1_244' title='bbox 579 4260 707 4348; x_wconf 85' lang='lat' dir='ltr'>graecis</span> <span class='ocrx_word' id='word_1_245' title='bbox 723 4284 729 4321; x_wconf 93' lang='lat'><strong>:</strong></span> <span class='ocrx_word' id='word_1_246' title='bbox 748 4258 841 4321; x_wconf 92' lang='lat' dir='ltr'>latini</span> <span class='ocrx_word' id='word_1_247' title='bbox 862 4257 986 4322; x_wconf 91' lang='lat' dir='ltr'>idcirco</span> <span class='ocrx_word' id='word_1_248' title='bbox 1008 4258 1187 4322; x_wconf 89' lang='lat' dir='ltr'>secundum</span> <span class='ocrx_word' id='word_1_249' title='bbox 1209 4282 1348 4345; x_wconf 89' lang='lat' dir='ltr'>graecos</span> 
     </span>
    </p>
   </div>
   <div class='ocr_carea' id='block_1_6' title="bbox 227 4356 1349 4450">
    <p class='ocr_par' dir='ltr' id='par_1_9' title="bbox 227 4356 1349 4450">
     <span class='ocr_line' id='line_1_37' title="bbox 227 4356 1349 4450; baseline -0.002 -30"><span class='ocrx_word' id='word_1_250' title='bbox 227 4357 412 4450; x_wconf 90' lang='lat' dir='ltr'>castigandi</span> <span class='ocrx_word' id='word_1_251' title='bbox 434 4369 522 4435; x_wconf 88' lang='lat' dir='ltr'>sunt,</span> <span class='ocrx_word' id='word_1_252' title='bbox 545 4380 609 4419; x_wconf 94' lang='lat' dir='ltr'>non</span> <span class='ocrx_word' id='word_1_253' title='bbox 633 4368 741 4419; x_wconf 87' lang='lat' dir='ltr'>autem</span> <span class='ocrx_word' id='word_1_254' title='bbox 764 4356 874 4444; x_wconf 84' lang='lat' dir='ltr'>graeci</span> <span class='ocrx_word' id='word_1_255' title='bbox 898 4357 1079 4419; x_wconf 90' lang='lat' dir='ltr'>secundum</span> <span class='ocrx_word' id='word_1_256' title='bbox 1100 4356 1263 4419; x_wconf 91' lang='lat' dir='ltr'>latinos...</span> <span class='ocrx_word' id='word_1_257' title='bbox 1290 4358 1349 4419; x_wconf 85' lang='lat' dir='ltr'>Est</span> 
     </span>
    </p>
   </div>
   <div class='ocr_carea' id='block_1_7' title="bbox 264 4579 596 4640">
    <p class='ocr_par' dir='ltr' id='par_1_10' title="bbox 264 4579 596 4640">
     <span class='ocr_line' id='line_1_38' title="bbox 264 4579 596 4640; baseline -0.009 -8"><span class='ocrx_word' id='word_1_258' title='bbox 264 4583 288 4632; x_wconf 88' lang='lat'>1.</span> <span class='ocrx_word' id='word_1_259' title='bbox 310 4579 404 4632; x_wconf 85' lang='lat' dir='ltr'>Codice</span> <span class='ocrx_word' id='word_1_260' title='bbox 419 4581 480 4640; x_wconf 81' lang='lat'>912,</span> <span class='ocrx_word' id='word_1_261' title='bbox 496 4580 520 4630; x_wconf 86' lang='lat' dir='ltr'>l0</span> <span class='ocrx_word' id='word_1_262' title='bbox 536 4581 596 4632; x_wconf 81' lang='lat'>229.</span> 
     </span>
    </p>
   </div>
   <div class='ocr_carea' id='block_1_8' title="bbox 0 0 1555 5422">
    <p class='ocr_par' dir='ltr' id='par_1_11' title="bbox 0 0 1555 5422">
     <span class='ocr_line' id='line_1_39' title="bbox 0 0 1555 5422; baseline 0 0"><span class='ocrx_word' id='word_1_263' title='bbox 0 0 1555 5422; x_wconf 95' lang='lat' dir='ltr'> </span> 
     </span>
    </p>
   </div>
  </div>
 </body>
</html>
