<?xml version="1.0" encoding="UTF-8"?>
<!DOCTYPE html PUBLIC "-//W3C//DTD XHTML 1.0 Transitional//EN"
    "http://www.w3.org/TR/xhtml1/DTD/xhtml1-transitional.dtd">
<html xmlns="http://www.w3.org/1999/xhtml" xml:lang="en" lang="en">
 <head>
  <title>
</title>
<meta http-equiv="Content-Type" content="text/html;charset=utf-8" />
  <meta name='ocr-system' content='tesseract 3.04.00' />
  <meta name='ocr-capabilities' content='ocr_page ocr_carea ocr_par ocr_line ocrx_word'/>
</head>
<body>
  <div class='ocr_page' id='page_1' title='image "./dejudociclichto00clergoog_0159.png"; bbox 0 0 3074 5422; ppageno 0'>
   <div class='ocr_carea' id='block_1_1' title="bbox 732 96 911 158">
    <p class='ocr_par' dir='ltr' id='par_1_1' title="bbox 732 96 911 158">
     <span class='ocr_line' id='line_1_1' title="bbox 732 96 911 158; baseline 0.006 -1"><span class='ocrx_word' id='word_1_1' title='bbox 732 96 911 158; x_wconf 72' lang='lat'><strong>-122-</strong></span> 
     </span>
    </p>
   </div>
   <div class='ocr_carea' id='block_1_2' title="bbox 257 226 1389 3760">
    <p class='ocr_par' dir='ltr' id='par_1_2' title="bbox 257 226 1387 1979">
     <span class='ocr_line' id='line_1_2' title="bbox 258 226 1383 310; baseline -0.002 -21"><span class='ocrx_word' id='word_1_2' title='bbox 258 229 386 289; x_wconf 90' lang='lat' dir='ltr'>Nantier</span> <span class='ocrx_word' id='word_1_3' title='bbox 405 235 435 288; x_wconf 87' lang='lat' dir='ltr'>et</span> <span class='ocrx_word' id='word_1_4' title='bbox 460 227 624 288; x_wconf 82' lang='lat' dir='ltr'>Delacroix</span> <span class='ocrx_word' id='word_1_5' title='bbox 643 250 741 289; x_wconf 88' lang='lat' dir='ltr'>avons</span> <span class='ocrx_word' id='word_1_6' title='bbox 761 230 878 310; x_wconf 92' lang='lat' dir='ltr'>promis</span> <span class='ocrx_word' id='word_1_7' title='bbox 897 237 927 288; x_wconf 90' lang='lat' dir='ltr'>et</span> <span class='ocrx_word' id='word_1_8' title='bbox 950 235 1150 309; x_wconf 89' lang='lat' dir='ltr'>promectons</span> <span class='ocrx_word' id='word_1_9' title='bbox 1172 227 1248 286; x_wconf 80' lang='lat' dir='ltr'>faire</span> <span class='ocrx_word' id='word_1_10' title='bbox 1270 226 1383 287; x_wconf 85' lang='lat' dir='ltr'>direct</span> 
     </span>
     <span class='ocr_line' id='line_1_3' title="bbox 258 316 1382 397; baseline -0.003 -18"><span class='ocrx_word' id='word_1_11' title='bbox 258 317 406 391; x_wconf 74' lang='lat' dir='ltr'>celebrer,</span> <span class='ocrx_word' id='word_1_12' title='bbox 419 317 495 376; x_wconf 89' lang='lat' dir='ltr'>ainsi</span> <span class='ocrx_word' id='word_1_13' title='bbox 506 317 579 397; x_wconf 84' lang='lat' dir='ltr'>qu&#39;il</span> <span class='ocrx_word' id='word_1_14' title='bbox 595 325 641 377; x_wconf 90' lang='lat' dir='ltr'>est</span> <span class='ocrx_word' id='word_1_15' title='bbox 657 327 790 378; x_wconf 91' lang='lat' dir='ltr'>contcnu</span> <span class='ocrx_word' id='word_1_16' title='bbox 807 341 843 378; x_wconf 86' lang='lat' dir='ltr'>cn</span> <span class='ocrx_word' id='word_1_17' title='bbox 861 316 1328 378; x_wconf 70' lang='grc'><strong>133111331333313313333313133.</strong></span> <span class='ocrx_word' id='word_1_18' title='bbox 1344 316 1382 376; x_wconf 89' lang='lat' dir='ltr'>Et</span> 
     </span>
     <span class='ocr_line' id='line_1_4' title="bbox 257 405 1381 489; baseline -0.002 -22"><span class='ocrx_word' id='word_1_19' title='bbox 257 429 337 489; x_wconf 92' lang='lat' dir='ltr'>pour</span> <span class='ocrx_word' id='word_1_20' title='bbox 352 407 478 485; x_wconf 78' lang='lat' dir='ltr'>l’usaige</span> <span class='ocrx_word' id='word_1_21' title='bbox 489 405 527 465; x_wconf 90' lang='lat' dir='ltr'>de</span> <span class='ocrx_word' id='word_1_22' title='bbox 543 406 570 465; x_wconf 88' lang='lat' dir='ltr'>la</span> <span class='ocrx_word' id='word_1_23' title='bbox 586 407 774 468; x_wconf 75' lang='lat' dir='ltr'>celebration</span> <span class='ocrx_word' id='word_1_24' title='bbox 790 407 926 468; x_wconf 86' lang='lat' dir='ltr'>desdites</span> <span class='ocrx_word' id='word_1_25' title='bbox 943 407 1070 479; x_wconf 85' lang='lat' dir='ltr'>Messes,</span> <span class='ocrx_word' id='word_1_26' title='bbox 1088 427 1185 466; x_wconf 89' lang='lat' dir='ltr'>avons</span> <span class='ocrx_word' id='word_1_27' title='bbox 1196 427 1235 465; x_wconf 89' lang='lat' dir='ltr'>eu</span> <span class='ocrx_word' id='word_1_28' title='bbox 1246 412 1278 465; x_wconf 91' lang='lat' dir='ltr'>et</span> <span class='ocrx_word' id='word_1_29' title='bbox 1289 425 1381 465; x_wconf 88' lang='lat' dir='ltr'>reoeu</span> 
     </span>
     <span class='ocr_line' id='line_1_5' title="bbox 257 495 1382 576; baseline -0.002 -20"><span class='ocrx_word' id='word_1_30' title='bbox 257 496 374 556; x_wconf 90' lang='lat' dir='ltr'>desdits</span> <span class='ocrx_word' id='word_1_31' title='bbox 393 497 576 555; x_wconf 79' lang='grc'><strong>3313313333</strong></span> <span class='ocrx_word' id='word_1_32' title='bbox 591 517 654 573; x_wconf 89' lang='lat' dir='ltr'>ung</span> <span class='ocrx_word' id='word_1_33' title='bbox 669 496 762 557; x_wconf 86' lang='lat' dir='ltr'>calice</span> <span class='ocrx_word' id='word_1_34' title='bbox 776 498 918 573; x_wconf 83' lang='lat' dir='ltr'>d&#39;argent</span> <span class='ocrx_word' id='word_1_35' title='bbox 931 496 1044 555; x_wconf 79' lang='grc'><strong>(133331</strong></span> <span class='ocrx_word' id='word_1_36' title='bbox 1059 502 1166 576; x_wconf 90' lang='lat' dir='ltr'>pesant</span> <span class='ocrx_word' id='word_1_37' title='bbox 1179 495 1262 554; x_wconf 83' lang='lat' dir='ltr'>deux</span> <span class='ocrx_word' id='word_1_38' title='bbox 1277 515 1382 575; x_wconf 90' lang='lat' dir='ltr'>marqs</span> 
     </span>
     <span class='ocr_line' id='line_1_6' title="bbox 257 582 1378 665; baseline -0.001 -21"><span class='ocrx_word' id='word_1_39' title='bbox 257 584 339 644; x_wconf 85' lang='lat' dir='ltr'>deux</span> <span class='ocrx_word' id='word_1_40' title='bbox 354 605 458 656; x_wconf 86' lang='grc'><strong>33333,</strong></span> <span class='ocrx_word' id='word_1_41' title='bbox 483 591 592 664; x_wconf 86' lang='lat' dir='ltr'>quatre</span> <span class='ocrx_word' id='word_1_42' title='bbox 615 605 730 665; x_wconf 85' lang='lat' dir='ltr'>nappes</span> <span class='ocrx_word' id='word_1_43' title='bbox 753 585 878 657; x_wconf 79' lang='grc'><strong>(133131,</strong></span> <span class='ocrx_word' id='word_1_44' title='bbox 901 585 977 644; x_wconf 85' lang='grc'><strong>13313</strong></span> <span class='ocrx_word' id='word_1_45' title='bbox 1000 591 1169 657; x_wconf 84' lang='grc'><strong>333331133,</strong></span> <span class='ocrx_word' id='word_1_46' title='bbox 1194 604 1254 643; x_wconf 84' lang='grc'>333</span> <span class='ocrx_word' id='word_1_47' title='bbox 1276 582 1378 655; x_wconf 91' lang='lat' dir='ltr'>aulbe,</span> 
     </span>
     <span class='ocr_line' id='line_1_7' title="bbox 257 672 1382 755; baseline -0.002 -23"><span class='ocrx_word' id='word_1_48' title='bbox 257 673 340 733; x_wconf 88' lang='lat' dir='ltr'>deux</span> <span class='ocrx_word' id='word_1_49' title='bbox 354 673 463 732; x_wconf 90' lang='lat' dir='ltr'>amictz</span> <span class='ocrx_word' id='word_1_50' title='bbox 483 680 588 733; x_wconf 85' lang='lat' dir='ltr'>etune</span> <span class='ocrx_word' id='word_1_51' title='bbox 607 673 753 734; x_wconf 85' lang='lat' dir='ltr'>chasuble</span> <span class='ocrx_word' id='word_1_52' title='bbox 768 674 806 734; x_wconf 92' lang='grc'>(13</span> <span class='ocrx_word' id='word_1_53' title='bbox 822 674 931 755; x_wconf 86' lang='lat' dir='ltr'>demye</span> <span class='ocrx_word' id='word_1_54' title='bbox 947 672 1054 733; x_wconf 80' lang='lat' dir='ltr'>ostada</span> <span class='ocrx_word' id='word_1_55' title='bbox 1070 693 1167 751; x_wconf 84' lang='lat' dir='ltr'>rouge</span> <span class='ocrx_word' id='word_1_56' title='bbox 1182 675 1198 731; x_wconf 79' lang='lat' dir='ltr'>a</span> <span class='ocrx_word' id='word_1_57' title='bbox 1219 672 1382 731; x_wconf 87' lang='lat' dir='ltr'>fleurettes</span> 
     </span>
     <span class='ocr_line' id='line_1_8' title="bbox 257 759 1382 835; baseline -0.002 -13"><span class='ocrx_word' id='word_1_58' title='bbox 257 783 333 822; x_wconf 89' lang='lat' dir='ltr'>avec</span> <span class='ocrx_word' id='word_1_59' title='bbox 346 761 487 835; x_wconf 85' lang='lat' dir='ltr'>l’estolle,</span> <span class='ocrx_word' id='word_1_60' title='bbox 505 761 532 821; x_wconf 93' lang='lat' dir='ltr'>le</span> <span class='ocrx_word' id='word_1_61' title='bbox 552 762 655 834; x_wconf 81' lang='lat' dir='ltr'>fanon,</span> <span class='ocrx_word' id='word_1_62' title='bbox 673 770 704 822; x_wconf 92' lang='lat' dir='ltr'>et</span> <span class='ocrx_word' id='word_1_63' title='bbox 720 764 787 824; x_wconf 91' lang='lat' dir='ltr'>huit</span> <span class='ocrx_word' id='word_1_64' title='bbox 803 764 985 822; x_wconf 86' lang='grc'><strong>3313313333.</strong></span> <span class='ocrx_word' id='word_1_65' title='bbox 1000 762 1067 821; x_wconf 87' lang='lat' dir='ltr'>Une</span> <span class='ocrx_word' id='word_1_66' title='bbox 1078 769 1166 822; x_wconf 88' lang='lat' dir='ltr'>autre</span> <span class='ocrx_word' id='word_1_67' title='bbox 1176 759 1325 820; x_wconf 90' lang='lat' dir='ltr'>chasuble</span> <span class='ocrx_word' id='word_1_68' title='bbox 1344 761 1382 820; x_wconf 91' lang='lat' dir='ltr'>de</span> 
     </span>
     <span class='ocr_line' id='line_1_9' title="bbox 258 850 1381 931; baseline -0.001 -21"><span class='ocrx_word' id='word_1_69' title='bbox 258 851 363 911; x_wconf 87' lang='lat' dir='ltr'>damas</span> <span class='ocrx_word' id='word_1_70' title='bbox 388 872 495 930; x_wconf 82' lang='lat' dir='ltr'>rouge,</span> <span class='ocrx_word' id='word_1_71' title='bbox 521 872 635 931; x_wconf 87' lang='lat' dir='ltr'>garnye</span> <span class='ocrx_word' id='word_1_72' title='bbox 656 852 811 928; x_wconf 82' lang='lat' dir='ltr'>d&#39;orsroye</span> <span class='ocrx_word' id='word_1_73' title='bbox 826 852 864 911; x_wconf 92' lang='lat' dir='ltr'>de</span> <span class='ocrx_word' id='word_1_74' title='bbox 886 873 957 930; x_wconf 90' lang='lat' dir='ltr'>gros</span> <span class='ocrx_word' id='word_1_75' title='bbox 979 872 1014 911; x_wconf 90' lang='lat' dir='ltr'>or</span> <span class='ocrx_word' id='word_1_76' title='bbox 1035 850 1290 931; x_wconf 78' lang='lat' dir='ltr'>apersonnaiges</span> <span class='ocrx_word' id='word_1_77' title='bbox 1304 870 1381 909; x_wconf 88' lang='lat' dir='ltr'>aveo</span> 
     </span>
     <span class='ocr_line' id='line_1_10' title="bbox 258 938 1382 1018; baseline -0.001 -20"><span class='ocrx_word' id='word_1_78' title='bbox 258 939 388 1000; x_wconf 86' lang='lat' dir='ltr'>l&#39;estolle</span> <span class='ocrx_word' id='word_1_79' title='bbox 403 947 434 999; x_wconf 89' lang='grc'>31</span> <span class='ocrx_word' id='word_1_80' title='bbox 449 961 512 1018; x_wconf 89' lang='lat' dir='ltr'>ung</span> <span class='ocrx_word' id='word_1_81' title='bbox 530 939 634 998; x_wconf 87' lang='grc'><strong>13333.</strong></span> <span class='ocrx_word' id='word_1_82' title='bbox 657 941 733 1000; x_wconf 87' lang='lat' dir='ltr'>ltcm</span> <span class='ocrx_word' id='word_1_83' title='bbox 749 962 809 1000; x_wconf 88' lang='lat' dir='ltr'>uno</span> <span class='ocrx_word' id='word_1_84' title='bbox 825 939 925 1012; x_wconf 82' lang='lat' dir='ltr'>aulbe‚</span> <span class='ocrx_word' id='word_1_85' title='bbox 952 962 1015 1018; x_wconf 90' lang='lat' dir='ltr'>ung</span> <span class='ocrx_word' id='word_1_86' title='bbox 1030 940 1124 999; x_wconf 92' lang='lat' dir='ltr'>amict</span> <span class='ocrx_word' id='word_1_87' title='bbox 1146 947 1177 999; x_wconf 89' lang='grc'>31</span> <span class='ocrx_word' id='word_1_88' title='bbox 1198 960 1259 998; x_wconf 87' lang='grc'>333</span> <span class='ocrx_word' id='word_1_89' title='bbox 1279 938 1382 998; x_wconf 87' lang='grc'><strong>33133-</strong></span> 
     </span>
     <span class='ocr_line' id='line_1_11' title="bbox 258 1026 1383 1109; baseline -0.003 -20"><span class='ocrx_word' id='word_1_90' title='bbox 258 1036 338 1102; x_wconf 84' lang='lat' dir='ltr'>ture,</span> <span class='ocrx_word' id='word_1_91' title='bbox 357 1051 419 1109; x_wconf 92' lang='lat' dir='ltr'>ung</span> <span class='ocrx_word' id='word_1_92' title='bbox 433 1027 622 1108; x_wconf 80' lang='lat' dir='ltr'>corporalier</span> <span class='ocrx_word' id='word_1_93' title='bbox 639 1030 678 1089; x_wconf 91' lang='lat' dir='ltr'>de</span> <span class='ocrx_word' id='word_1_94' title='bbox 693 1029 798 1089; x_wconf 87' lang='lat' dir='ltr'>damas</span> <span class='ocrx_word' id='word_1_95' title='bbox 814 1050 922 1108; x_wconf 81' lang='lat' dir='ltr'>rouge,</span> <span class='ocrx_word' id='word_1_96' title='bbox 941 1051 1001 1089; x_wconf 92' lang='lat' dir='ltr'>une</span> <span class='ocrx_word' id='word_1_97' title='bbox 1018 1029 1228 1088; x_wconf 90' lang='lat' dir='ltr'>Notre·Dame</span> <span class='ocrx_word' id='word_1_98' title='bbox 1245 1027 1284 1087; x_wconf 91' lang='lat' dir='ltr'>de</span> <span class='ocrx_word' id='word_1_99' title='bbox 1300 1026 1383 1087; x_wconf 74' lang='lat' dir='ltr'>Pitie</span> 
     </span>
     <span class='ocr_line' id='line_1_12' title="bbox 259 1117 1384 1199; baseline -0.002 -23"><span class='ocrx_word' id='word_1_100' title='bbox 259 1118 367 1178; x_wconf 90' lang='lat' dir='ltr'>dessus</span> <span class='ocrx_word' id='word_1_101' title='bbox 383 1139 479 1197; x_wconf 89' lang='lat' dir='ltr'>garny</span> <span class='ocrx_word' id='word_1_102' title='bbox 493 1117 531 1176; x_wconf 92' lang='lat' dir='ltr'>de</span> <span class='ocrx_word' id='word_1_103' title='bbox 546 1118 627 1177; x_wconf 85' lang='lat' dir='ltr'>deux</span> <span class='ocrx_word' id='word_1_104' title='bbox 643 1119 846 1199; x_wconf 84' lang='lat' dir='ltr'>corporcaulx</span> <span class='ocrx_word' id='word_1_105' title='bbox 863 1127 895 1178; x_wconf 92' lang='lat' dir='ltr'>et</span> <span class='ocrx_word' id='word_1_106' title='bbox 910 1140 973 1197; x_wconf 90' lang='lat' dir='ltr'>ung</span> <span class='ocrx_word' id='word_1_107' title='bbox 989 1117 1095 1190; x_wconf 80' lang='grc'><strong>331131,</strong></span> <span class='ocrx_word' id='word_1_108' title='bbox 1118 1139 1182 1195; x_wconf 90' lang='lat' dir='ltr'>ung</span> <span class='ocrx_word' id='word_1_109' title='bbox 1202 1124 1291 1176; x_wconf 87' lang='lat' dir='ltr'>autre</span> <span class='ocrx_word' id='word_1_110' title='bbox 1312 1137 1384 1176; x_wconf 92' lang='grc'><strong>333-</strong></span> 
     </span>
     <span class='ocr_line' id='line_1_13' title="bbox 259 1205 1385 1287; baseline -0.003 -20"><span class='ocrx_word' id='word_1_111' title='bbox 259 1206 392 1287; x_wconf 89' lang='lat' dir='ltr'>poralier</span> <span class='ocrx_word' id='word_1_112' title='bbox 410 1207 447 1266; x_wconf 90' lang='lat' dir='ltr'>de</span> <span class='ocrx_word' id='word_1_113' title='bbox 465 1206 575 1286; x_wconf 87' lang='lat' dir='ltr'>demye</span> <span class='ocrx_word' id='word_1_114' title='bbox 591 1207 698 1266; x_wconf 88' lang='lat' dir='ltr'>ostade</span> <span class='ocrx_word' id='word_1_115' title='bbox 721 1229 826 1285; x_wconf 79' lang='lat' dir='ltr'>rouge,</span> <span class='ocrx_word' id='word_1_116' title='bbox 844 1228 920 1267; x_wconf 90' lang='lat' dir='ltr'>avec</span> <span class='ocrx_word' id='word_1_117' title='bbox 943 1229 1006 1286; x_wconf 88' lang='lat' dir='ltr'>ung</span> <span class='ocrx_word' id='word_1_118' title='bbox 1021 1205 1163 1287; x_wconf 88' lang='lat' dir='ltr'>corporal</span> <span class='ocrx_word' id='word_1_119' title='bbox 1178 1213 1210 1265; x_wconf 91' lang='grc'>31</span> <span class='ocrx_word' id='word_1_120' title='bbox 1229 1205 1313 1265; x_wconf 89' lang='lat' dir='ltr'>deux</span> <span class='ocrx_word' id='word_1_121' title='bbox 1330 1227 1385 1264; x_wconf 91' lang='lat' dir='ltr'>vo-</span> 
     </span>
     <span class='ocr_line' id='line_1_14' title="bbox 258 1294 1384 1374; baseline -0.003 -19"><span class='ocrx_word' id='word_1_122' title='bbox 258 1296 328 1355; x_wconf 88' lang='lat' dir='ltr'>letz.</span> <span class='ocrx_word' id='word_1_123' title='bbox 347 1296 418 1374; x_wconf 90' lang='lat' dir='ltr'>Ung</span> <span class='ocrx_word' id='word_1_124' title='bbox 434 1303 523 1373; x_wconf 80' lang='lat' dir='ltr'>grant</span> <span class='ocrx_word' id='word_1_125' title='bbox 538 1295 648 1354; x_wconf 90' lang='lat' dir='ltr'>messel</span> <span class='ocrx_word' id='word_1_126' title='bbox 668 1318 683 1355; x_wconf 92' lang='lat' dir='ltr'>a</span> <span class='ocrx_word' id='word_1_127' title='bbox 701 1296 767 1356; x_wconf 90' lang='lat' dir='ltr'>dire</span> <span class='ocrx_word' id='word_1_128' title='bbox 786 1296 814 1356; x_wconf 91' lang='lat' dir='ltr'>la</span> <span class='ocrx_word' id='word_1_129' title='bbox 833 1317 943 1366; x_wconf 77' lang='lat' dir='ltr'>messe,</span> <span class='ocrx_word' id='word_1_130' title='bbox 965 1296 993 1355; x_wconf 98' lang='lat' dir='ltr'>le</span> <span class='ocrx_word' id='word_1_131' title='bbox 1015 1316 1113 1355; x_wconf 92' lang='lat' dir='ltr'>canon</span> <span class='ocrx_word' id='word_1_132' title='bbox 1130 1294 1168 1354; x_wconf 93' lang='lat' dir='ltr'>de</span> <span class='ocrx_word' id='word_1_133' title='bbox 1192 1294 1384 1374; x_wconf 86' lang='lat' dir='ltr'>parchemyn</span> 
     </span>
     <span class='ocr_line' id='line_1_15' title="bbox 260 1382 1385 1464; baseline -0.001 -21"><span class='ocrx_word' id='word_1_134' title='bbox 260 1391 290 1444; x_wconf 89' lang='grc'>31</span> <span class='ocrx_word' id='word_1_135' title='bbox 307 1385 336 1444; x_wconf 88' lang='grc'>13</span> <span class='ocrx_word' id='word_1_136' title='bbox 350 1385 498 1444; x_wconf 89' lang='lat' dir='ltr'>maieste&#39;e</span> <span class='ocrx_word' id='word_1_137' title='bbox 513 1383 687 1444; x_wconf 74' lang='lat' dir='ltr'>culuminee</span> <span class='ocrx_word' id='word_1_138' title='bbox 701 1406 776 1444; x_wconf 91' lang='lat' dir='ltr'>avec</span> <span class='ocrx_word' id='word_1_139' title='bbox 790 1406 854 1464; x_wconf 88' lang='lat' dir='ltr'>ung</span> <span class='ocrx_word' id='word_1_140' title='bbox 867 1385 991 1445; x_wconf 91' lang='lat' dir='ltr'>coussin</span> <span class='ocrx_word' id='word_1_141' title='bbox 1007 1385 1045 1444; x_wconf 94' lang='lat' dir='ltr'>de</span> <span class='ocrx_word' id='word_1_142' title='bbox 1058 1384 1126 1444; x_wconf 89' lang='lat' dir='ltr'>cuir</span> <span class='ocrx_word' id='word_1_143' title='bbox 1138 1382 1289 1455; x_wconf 76' lang='grc'><strong>(13333313,</strong></span> <span class='ocrx_word' id='word_1_144' title='bbox 1300 1383 1385 1442; x_wconf 84' lang='lat' dir='ltr'>deux</span> 
     </span>
     <span class='ocr_line' id='line_1_16' title="bbox 259 1472 1385 1555; baseline -0.001 -23"><span class='ocrx_word' id='word_1_145' title='bbox 259 1473 399 1533; x_wconf 86' lang='lat' dir='ltr'>burettes</span> <span class='ocrx_word' id='word_1_146' title='bbox 420 1474 549 1545; x_wconf 82' lang='lat' dir='ltr'>destain‚</span> <span class='ocrx_word' id='word_1_147' title='bbox 577 1495 636 1533; x_wconf 92' lang='lat' dir='ltr'>une</span> <span class='ocrx_word' id='word_1_148' title='bbox 664 1473 769 1533; x_wconf 87' lang='lat' dir='ltr'>boette</span> <span class='ocrx_word' id='word_1_149' title='bbox 791 1495 807 1532; x_wconf 93' lang='lat' dir='ltr'>a</span> <span class='ocrx_word' id='word_1_150' title='bbox 830 1482 942 1534; x_wconf 78' lang='lat' dir='ltr'><strong>mettre</strong></span> <span class='ocrx_word' id='word_1_151' title='bbox 964 1474 1045 1555; x_wconf 77' lang='lat' dir='ltr'>pain,</span> <span class='ocrx_word' id='word_1_152' title='bbox 1073 1494 1132 1532; x_wconf 89' lang='lat' dir='ltr'>une</span> <span class='ocrx_word' id='word_1_153' title='bbox 1154 1473 1226 1553; x_wconf 86' lang='lat' dir='ltr'>paix</span> <span class='ocrx_word' id='word_1_154' title='bbox 1250 1472 1385 1552; x_wconf 90' lang='lat' dir='ltr'>darque-</span> 
     </span>
     <span class='ocr_line' id='line_1_17' title="bbox 261 1559 1385 1643; baseline -0.002 -21"><span class='ocrx_word' id='word_1_155' title='bbox 261 1583 341 1643; x_wconf 83' lang='lat' dir='ltr'>mye,</span> <span class='ocrx_word' id='word_1_156' title='bbox 360 1584 422 1640; x_wconf 91' lang='lat' dir='ltr'>ung</span> <span class='ocrx_word' id='word_1_157' title='bbox 437 1562 615 1622; x_wconf 88' lang='lat' dir='ltr'>chandclier</span> <span class='ocrx_word' id='word_1_158' title='bbox 629 1563 667 1622; x_wconf 92' lang='lat' dir='ltr'>de</span> <span class='ocrx_word' id='word_1_159' title='bbox 689 1563 795 1623; x_wconf 89' lang='lat' dir='ltr'>cuivre</span> <span class='ocrx_word' id='word_1_160' title='bbox 814 1585 831 1622; x_wconf 94' lang='lat' dir='ltr'>a</span> <span class='ocrx_word' id='word_1_161' title='bbox 851 1570 974 1643; x_wconf 89' lang='lat' dir='ltr'>quattre</span> <span class='ocrx_word' id='word_1_162' title='bbox 990 1563 1119 1640; x_wconf 73' lang='lat' dir='ltr'>merges,</span> <span class='ocrx_word' id='word_1_163' title='bbox 1140 1562 1193 1621; x_wconf 90' lang='lat' dir='ltr'>des</span> <span class='ocrx_word' id='word_1_164' title='bbox 1208 1559 1349 1621; x_wconf 83' lang='lat' dir='ltr'>ciseaulx</span> <span class='ocrx_word' id='word_1_165' title='bbox 1368 1563 1385 1620; x_wconf 74' lang='lat' dir='ltr'>a</span> 
     </span>
     <span class='ocr_line' id='line_1_18' title="bbox 260 1649 1385 1712; baseline -0.002 -2"><span class='ocrx_word' id='word_1_166' title='bbox 260 1652 409 1711; x_wconf 91' lang='lat' dir='ltr'>moucher</span> <span class='ocrx_word' id='word_1_167' title='bbox 431 1651 458 1710; x_wconf 94' lang='lat' dir='ltr'>la</span> <span class='ocrx_word' id='word_1_168' title='bbox 478 1651 651 1711; x_wconf 88' lang='lat' dir='ltr'>chandelle.</span> <span class='ocrx_word' id='word_1_169' title='bbox 677 1687 710 1696; x_wconf 93' lang='lat'>—</span> <span class='ocrx_word' id='word_1_170' title='bbox 736 1651 900 1712; x_wconf 88' lang='lat' dir='ltr'>Ensemble</span> <span class='ocrx_word' id='word_1_171' title='bbox 921 1673 1017 1712; x_wconf 86' lang='lat' dir='ltr'>avons</span> <span class='ocrx_word' id='word_1_172' title='bbox 1037 1672 1074 1711; x_wconf 91' lang='lat' dir='ltr'>eu</span> <span class='ocrx_word' id='word_1_173' title='bbox 1097 1658 1129 1711; x_wconf 91' lang='lat' dir='ltr'>et</span> <span class='ocrx_word' id='word_1_174' title='bbox 1148 1671 1239 1710; x_wconf 86' lang='lat' dir='ltr'>receu</span> <span class='ocrx_word' id='word_1_175' title='bbox 1264 1649 1385 1709; x_wconf 88' lang='lat' dir='ltr'>desdits</span> 
     </span>
     <span class='ocr_line' id='line_1_19' title="bbox 260 1738 1387 1821; baseline -0.002 -22"><span class='ocrx_word' id='word_1_176' title='bbox 260 1742 443 1801; x_wconf 80' lang='lat' dir='ltr'>executeurs</span> <span class='ocrx_word' id='word_1_177' title='bbox 465 1739 509 1800; x_wconf 89' lang='lat' dir='ltr'>les</span> <span class='ocrx_word' id='word_1_178' title='bbox 529 1738 622 1799; x_wconf 92' lang='lat' dir='ltr'>livres</span> <span class='ocrx_word' id='word_1_179' title='bbox 645 1741 697 1820; x_wconf 94' lang='lat' dir='ltr'>qui</span> <span class='ocrx_word' id='word_1_180' title='bbox 720 1748 894 1821; x_wconf 87' lang='lat' dir='ltr'>ensuyvent</span> <span class='ocrx_word' id='word_1_181' title='bbox 918 1762 998 1821; x_wconf 94' lang='lat' dir='ltr'>pour</span> <span class='ocrx_word' id='word_1_182' title='bbox 1019 1747 1132 1800; x_wconf 79' lang='lat' dir='ltr'>mettre</span> <span class='ocrx_word' id='word_1_183' title='bbox 1155 1746 1187 1798; x_wconf 90' lang='grc'>31</span> <span class='ocrx_word' id='word_1_184' title='bbox 1213 1739 1387 1799; x_wconf 83' lang='lat' dir='ltr'>enchesner</span> 
     </span>
     <span class='ocr_line' id='line_1_20' title="bbox 260 1828 1387 1908; baseline -0.002 -20"><span class='ocrx_word' id='word_1_185' title='bbox 260 1849 297 1888; x_wconf 91' lang='lat' dir='ltr'>en</span> <span class='ocrx_word' id='word_1_186' title='bbox 330 1829 357 1889; x_wconf 94' lang='lat' dir='ltr'>la</span> <span class='ocrx_word' id='word_1_187' title='bbox 381 1828 516 1888; x_wconf 93' lang='lat' dir='ltr'>librairie</span> <span class='ocrx_word' id='word_1_188' title='bbox 548 1829 586 1887; x_wconf 94' lang='lat' dir='ltr'>de</span> <span class='ocrx_word' id='word_1_189' title='bbox 612 1830 677 1890; x_wconf 65' lang='lat' dir='ltr'>Noe</span> <span class='ocrx_word' id='word_1_190' title='bbox 695 1828 789 1908; x_wconf 74' lang='lat' dir='ltr'>eglise</span> <span class='ocrx_word' id='word_1_191' title='bbox 815 1830 852 1889; x_wconf 94' lang='lat' dir='ltr'>de</span> <span class='ocrx_word' id='word_1_192' title='bbox 880 1829 1027 1890; x_wconf 88' lang='lat' dir='ltr'>Chartres</span> <span class='ocrx_word' id='word_1_193' title='bbox 1051 1829 1137 1889; x_wconf 92' lang='lat' dir='ltr'>selon</span> <span class='ocrx_word' id='word_1_194' title='bbox 1162 1828 1387 1888; x_wconf 83' lang='lat' dir='ltr'>l&#39;ordonnance</span> 
     </span>
     <span class='ocr_line' id='line_1_21' title="bbox 260 1917 1215 1979; baseline -0.003 0"><span class='ocrx_word' id='word_1_195' title='bbox 260 1919 491 1979; x_wconf 89' lang='lat' dir='ltr'>testamentaire</span> <span class='ocrx_word' id='word_1_196' title='bbox 507 1918 616 1978; x_wconf 91' lang='lat' dir='ltr'>dudict</span> <span class='ocrx_word' id='word_1_197' title='bbox 631 1918 757 1978; x_wconf 88' lang='lat' dir='ltr'>delunot</span> <span class='ocrx_word' id='word_1_198' title='bbox 773 1918 948 1978; x_wconf 89' lang='lat' dir='ltr'>Clicthouc.</span> <span class='ocrx_word' id='word_1_199' title='bbox 965 1920 1049 1979; x_wconf 85' lang='lat' dir='ltr'>C‘est</span> <span class='ocrx_word' id='word_1_200' title='bbox 1061 1917 1215 1978; x_wconf 87' lang='lat' dir='ltr'>assavoir:</span> 
     </span>
    </p>

    <p class='ocr_par' dir='ltr' id='par_1_3' title="bbox 301 2005 1270 2088">
     <span class='ocr_line' id='line_1_22' title="bbox 301 2005 1270 2088; baseline -0.001 -22"><span class='ocrx_word' id='word_1_201' title='bbox 301 2007 401 2086; x_wconf 91' lang='lat' dir='ltr'>Opera</span> <span class='ocrx_word' id='word_1_202' title='bbox 420 2007 501 2066; x_wconf 90' lang='lat' dir='ltr'>beati</span> <span class='ocrx_word' id='word_1_203' title='bbox 520 2007 650 2066; x_wconf 91' lang='lat' dir='ltr'>Dionisii</span> <span class='ocrx_word' id='word_1_204' title='bbox 670 2009 858 2088; x_wconf 84' lang='lat' dir='ltr'>Areopagite</span> <span class='ocrx_word' id='word_1_205' title='bbox 874 2008 1097 2068; x_wconf 83' lang='lat' dir='ltr'>commentario</span> <span class='ocrx_word' id='word_1_206' title='bbox 1115 2005 1270 2066; x_wconf 88' lang='lat' dir='ltr'>declarata</span> 
     </span>
    </p>

    <p class='ocr_par' dir='ltr' id='par_1_4' title="bbox 264 2094 1389 2246">
     <span class='ocr_line' id='line_1_23' title="bbox 301 2094 1389 2170; baseline -0.001 -15"><span class='ocrx_word' id='word_1_207' title='bbox 301 2095 410 2156; x_wconf 88' lang='lat' dir='ltr'>Libros</span> <span class='ocrx_word' id='word_1_208' title='bbox 431 2096 583 2156; x_wconf 85' lang='lat' dir='ltr'>Johannis</span> <span class='ocrx_word' id='word_1_209' title='bbox 606 2097 800 2170; x_wconf 80' lang='lat' dir='ltr'>Damasceni,</span> <span class='ocrx_word' id='word_1_210' title='bbox 818 2097 864 2156; x_wconf 90' lang='lat' dir='ltr'>De</span> <span class='ocrx_word' id='word_1_211' title='bbox 879 2097 939 2156; x_wconf 90' lang='lat' dir='ltr'>fide</span> <span class='ocrx_word' id='word_1_212' title='bbox 954 2097 1141 2168; x_wconf 86' lang='lat' dir='ltr'>orthodoxa,</span> <span class='ocrx_word' id='word_1_213' title='bbox 1159 2094 1389 2156; x_wconf 83' lang='lat' dir='ltr'>commentario</span> 
     </span>
     <span class='ocr_line' id='line_1_24' title="bbox 264 2185 413 2246; baseline 0 -2"><span class='ocrx_word' id='word_1_214' title='bbox 264 2185 413 2246; x_wconf 87' lang='lat' dir='ltr'>adauctos</span> 
     </span>
    </p>

    <p class='ocr_par' dir='ltr' id='par_1_5' title="bbox 263 2272 1387 2423">
     <span class='ocr_line' id='line_1_25' title="bbox 301 2272 1387 2355; baseline -0.002 -22"><span class='ocrx_word' id='word_1_215' title='bbox 301 2274 410 2334; x_wconf 87' lang='lat' dir='ltr'>Libros</span> <span class='ocrx_word' id='word_1_216' title='bbox 419 2274 517 2334; x_wconf 90' lang='lat' dir='ltr'>Cirilli</span> <span class='ocrx_word' id='word_1_217' title='bbox 528 2275 721 2355; x_wconf 81' lang='lat' dir='ltr'>patriarchae</span> <span class='ocrx_word' id='word_1_218' title='bbox 731 2273 931 2334; x_wconf 84' lang='lat' dir='ltr'>Alexandrini</span> <span class='ocrx_word' id='word_1_219' title='bbox 949 2294 1042 2354; x_wconf 89' lang='lat' dir='ltr'>super</span> <span class='ocrx_word' id='word_1_220' title='bbox 1058 2273 1254 2354; x_wconf 90' lang='lat' dir='ltr'>evangelium</span> <span class='ocrx_word' id='word_1_221' title='bbox 1268 2272 1387 2332; x_wconf 89' lang='lat' dir='ltr'>Johan·</span> 
     </span>
     <span class='ocr_line' id='line_1_26' title="bbox 263 2385 310 2423; baseline 0.021 -1"><span class='ocrx_word' id='word_1_222' title='bbox 263 2385 310 2423; x_wconf 91' lang='lat' dir='ltr'>ms</span> 
     </span>
    </p>

    <p class='ocr_par' dir='ltr' id='par_1_6' title="bbox 302 2452 1021 2532">
     <span class='ocr_line' id='line_1_27' title="bbox 302 2452 1021 2532; baseline 0 -20"><span class='ocrx_word' id='word_1_223' title='bbox 302 2452 535 2513; x_wconf 83' lang='lat' dir='ltr'>Antilutherum</span> <span class='ocrx_word' id='word_1_224' title='bbox 560 2459 622 2512; x_wconf 91' lang='lat' dir='ltr'>tres</span> <span class='ocrx_word' id='word_1_225' title='bbox 638 2452 734 2512; x_wconf 93' lang='lat' dir='ltr'>libros</span> <span class='ocrx_word' id='word_1_226' title='bbox 749 2452 1021 2532; x_wconf 87' lang='lat' dir='ltr'>complectentem.</span> 
     </span>
    </p>

    <p class='ocr_par' dir='ltr' id='par_1_7' title="bbox 304 2541 1151 2622">
     <span class='ocr_line' id='line_1_28' title="bbox 304 2541 1151 2622; baseline 0.001 -23"><span class='ocrx_word' id='word_1_227' title='bbox 304 2541 577 2622; x_wconf 88' lang='lat' dir='ltr'>Propugnaculum</span> <span class='ocrx_word' id='word_1_228' title='bbox 594 2541 722 2601; x_wconf 85' lang='lat' dir='ltr'>ecclesie</span> <span class='ocrx_word' id='word_1_229' title='bbox 738 2543 768 2600; x_wconf 93' lang='lat' dir='ltr'>in</span> <span class='ocrx_word' id='word_1_230' title='bbox 784 2549 846 2601; x_wconf 90' lang='lat' dir='ltr'>tres</span> <span class='ocrx_word' id='word_1_231' title='bbox 862 2541 958 2602; x_wconf 92' lang='lat' dir='ltr'>libros</span> <span class='ocrx_word' id='word_1_232' title='bbox 970 2542 1151 2602; x_wconf 88' lang='lat' dir='ltr'>distinctum</span> 
     </span>
    </p>

    <p class='ocr_par' dir='ltr' id='par_1_8' title="bbox 303 2630 1194 2691">
     <span class='ocr_line' id='line_1_29' title="bbox 303 2630 1194 2691; baseline 0.001 -1"><span class='ocrx_word' id='word_1_233' title='bbox 303 2630 548 2691; x_wconf 88' lang='lat' dir='ltr'>Elucidatorium</span> <span class='ocrx_word' id='word_1_234' title='bbox 564 2631 806 2691; x_wconf 84' lang='lat' dir='ltr'>ecclesiasticum</span> <span class='ocrx_word' id='word_1_235' title='bbox 822 2631 851 2690; x_wconf 91' lang='lat' dir='ltr'>in</span> <span class='ocrx_word' id='word_1_236' title='bbox 868 2638 931 2691; x_wconf 92' lang='grc'><strong>1333</strong></span> <span class='ocrx_word' id='word_1_237' title='bbox 947 2632 1042 2691; x_wconf 89' lang='lat' dir='ltr'>libros</span> <span class='ocrx_word' id='word_1_238' title='bbox 1059 2631 1194 2691; x_wconf 91' lang='lat' dir='ltr'>divisum</span> 
     </span>
    </p>

    <p class='ocr_par' dir='ltr' id='par_1_9' title="bbox 303 2719 1123 2801">
     <span class='ocr_line' id='line_1_30' title="bbox 303 2719 1123 2801; baseline 0.001 -23"><span class='ocrx_word' id='word_1_239' title='bbox 303 2720 349 2779; x_wconf 91' lang='lat' dir='ltr'>De</span> <span class='ocrx_word' id='word_1_240' title='bbox 366 2741 437 2779; x_wconf 91' lang='lat' dir='ltr'>vera</span> <span class='ocrx_word' id='word_1_241' title='bbox 453 2719 614 2779; x_wconf 91' lang='lat' dir='ltr'>nobilitate</span> <span class='ocrx_word' id='word_1_242' title='bbox 630 2726 662 2778; x_wconf 91' lang='grc'>31</span> <span class='ocrx_word' id='word_1_243' title='bbox 676 2719 766 2778; x_wconf 89' lang='lat' dir='ltr'>laude</span> <span class='ocrx_word' id='word_1_244' title='bbox 782 2721 952 2780; x_wconf 89' lang='lat' dir='ltr'>monastice</span> <span class='ocrx_word' id='word_1_245' title='bbox 967 2721 1123 2801; x_wconf 87' lang='lat' dir='ltr'>religionis</span> 
     </span>
    </p>

    <p class='ocr_par' dir='ltr' id='par_1_10' title="bbox 303 2808 1386 2890">
     <span class='ocr_line' id='line_1_31' title="bbox 303 2808 1386 2890; baseline 0.003 -23"><span class='ocrx_word' id='word_1_246' title='bbox 303 2809 349 2868; x_wconf 91' lang='grc'>1)3</span> <span class='ocrx_word' id='word_1_247' title='bbox 361 2809 495 2889; x_wconf 90' lang='lat' dir='ltr'>puritate</span> <span class='ocrx_word' id='word_1_248' title='bbox 505 2808 726 2889; x_wconf 89' lang='lat' dir='ltr'>Conceptionis</span> <span class='ocrx_word' id='word_1_249' title='bbox 737 2809 825 2868; x_wconf 85' lang='lat' dir='ltr'>beate</span> <span class='ocrx_word' id='word_1_250' title='bbox 837 2809 1078 2890; x_wconf 89' lang='lat' dir='ltr'>MarieVirginis</span> <span class='ocrx_word' id='word_1_251' title='bbox 1086 2809 1187 2869; x_wconf 91' lang='lat' dir='ltr'>adhuc</span> <span class='ocrx_word' id='word_1_252' title='bbox 1195 2816 1242 2869; x_wconf 92' lang='lat' dir='ltr'>est</span> <span class='ocrx_word' id='word_1_253' title='bbox 1251 2809 1337 2869; x_wconf 88' lang='lat' dir='ltr'>in·B.</span> <span class='ocrx_word' id='word_1_254' title='bbox 1348 2809 1386 2870; x_wconf 90' lang='lat' dir='ltr'>C.</span> 
     </span>
    </p>

    <p class='ocr_par' dir='ltr' id='par_1_11' title="bbox 304 2897 1386 2979">
     <span class='ocr_line' id='line_1_32' title="bbox 304 2897 1386 2979; baseline 0.003 -23"><span class='ocrx_word' id='word_1_255' title='bbox 304 2898 350 2957; x_wconf 91' lang='lat' dir='ltr'>De</span> <span class='ocrx_word' id='word_1_256' title='bbox 366 2897 472 2957; x_wconf 92' lang='lat' dir='ltr'>dolore</span> <span class='ocrx_word' id='word_1_257' title='bbox 487 2898 628 2978; x_wconf 90' lang='lat' dir='ltr'>ejusdem</span> <span class='ocrx_word' id='word_1_258' title='bbox 644 2919 729 2957; x_wconf 84' lang='lat' dir='ltr'>sacre</span> <span class='ocrx_word' id='word_1_259' title='bbox 745 2898 882 2977; x_wconf 83' lang='lat' dir='ltr'>Virginis</span> <span class='ocrx_word' id='word_1_260' title='bbox 898 2899 929 2957; x_wconf 95' lang='lat' dir='ltr'>in</span> <span class='ocrx_word' id='word_1_261' title='bbox 945 2899 1086 2979; x_wconf 91' lang='lat' dir='ltr'>passione</span> <span class='ocrx_word' id='word_1_262' title='bbox 1101 2898 1155 2957; x_wconf 87' lang='lat' dir='ltr'>filii</span> <span class='ocrx_word' id='word_1_263' title='bbox 1171 2899 1218 2957; x_wconf 92' lang='lat' dir='ltr'>sui</span> <span class='ocrx_word' id='word_1_264' title='bbox 1290 2899 1330 2959; x_wconf 90' lang='lat' dir='ltr'>B.</span> <span class='ocrx_word' id='word_1_265' title='bbox 1348 2898 1386 2959; x_wconf 89' lang='lat' dir='ltr'>C.</span> 
     </span>
    </p>

    <p class='ocr_par' dir='ltr' id='par_1_12' title="bbox 304 2986 1388 3069">
     <span class='ocr_line' id='line_1_33' title="bbox 304 2986 1388 3069; baseline -0.001 -24"><span class='ocrx_word' id='word_1_266' title='bbox 304 2987 350 3046; x_wconf 91' lang='grc'>1)3</span> <span class='ocrx_word' id='word_1_267' title='bbox 366 2986 485 3046; x_wconf 89' lang='lat' dir='ltr'>mistica</span> <span class='ocrx_word' id='word_1_268' title='bbox 501 2987 725 3064; x_wconf 83' lang='lat' dir='ltr'>significatione</span> <span class='ocrx_word' id='word_1_269' title='bbox 741 3008 942 3048; x_wconf 90' lang='lat' dir='ltr'>numerorum</span> <span class='ocrx_word' id='word_1_270' title='bbox 958 2989 1050 3048; x_wconf 87' lang='lat' dir='ltr'>Sacre</span> <span class='ocrx_word' id='word_1_271' title='bbox 1065 2987 1225 3069; x_wconf 88' lang='lat' dir='ltr'>Scripture</span> <span class='ocrx_word' id='word_1_272' title='bbox 1290 2988 1328 3047; x_wconf 93' lang='lat' dir='ltr'>B.</span> <span class='ocrx_word' id='word_1_273' title='bbox 1349 2988 1388 3047; x_wconf 92' lang='lat' dir='ltr'>C.</span> 
     </span>
    </p>

    <p class='ocr_par' dir='ltr' id='par_1_13' title="bbox 305 3075 1388 3156">
     <span class='ocr_line' id='line_1_34' title="bbox 305 3075 1388 3156; baseline 0.002 -22"><span class='ocrx_word' id='word_1_274' title='bbox 305 3076 350 3134; x_wconf 91' lang='lat' dir='ltr'>De</span> <span class='ocrx_word' id='word_1_275' title='bbox 361 3075 599 3135; x_wconf 87' lang='lat' dir='ltr'>annunciatione</span> <span class='ocrx_word' id='word_1_276' title='bbox 608 3083 639 3135; x_wconf 90' lang='lat' dir='ltr'>et</span> <span class='ocrx_word' id='word_1_277' title='bbox 649 3076 826 3136; x_wconf 88' lang='lat' dir='ltr'>visitatione</span> <span class='ocrx_word' id='word_1_278' title='bbox 838 3077 978 3156; x_wconf 87' lang='lat' dir='ltr'>ejusdem</span> <span class='ocrx_word' id='word_1_279' title='bbox 991 3077 1125 3155; x_wconf 87' lang='lat' dir='ltr'>gloriose</span> <span class='ocrx_word' id='word_1_280' title='bbox 1136 3077 1274 3156; x_wconf 90' lang='lat' dir='ltr'>Virginis</span> <span class='ocrx_word' id='word_1_281' title='bbox 1302 3077 1341 3136; x_wconf 91' lang='lat' dir='ltr'>B.</span> <span class='ocrx_word' id='word_1_282' title='bbox 1351 3077 1388 3136; x_wconf 92' lang='lat' dir='ltr'>C.</span> 
     </span>
    </p>

    <p class='ocr_par' dir='ltr' id='par_1_14' title="bbox 305 3164 1387 3245">
     <span class='ocr_line' id='line_1_35' title="bbox 305 3164 1387 3245; baseline 0.004 -23"><span class='ocrx_word' id='word_1_283' title='bbox 305 3164 350 3222; x_wconf 91' lang='lat' dir='ltr'>De</span> <span class='ocrx_word' id='word_1_284' title='bbox 368 3164 464 3243; x_wconf 90' lang='lat' dir='ltr'>gloria</span> <span class='ocrx_word' id='word_1_285' title='bbox 480 3165 712 3244; x_wconf 83' lang='lat' dir='ltr'>Assumptionis</span> <span class='ocrx_word' id='word_1_286' title='bbox 726 3165 756 3223; x_wconf 96' lang='lat' dir='ltr'>in</span> <span class='ocrx_word' id='word_1_287' title='bbox 773 3165 873 3224; x_wconf 92' lang='lat' dir='ltr'>celum</span> <span class='ocrx_word' id='word_1_288' title='bbox 889 3165 1028 3245; x_wconf 84' lang='lat' dir='ltr'>ejusdem</span> <span class='ocrx_word' id='word_1_289' title='bbox 1046 3166 1103 3224; x_wconf 92' lang='lat' dir='ltr'>Dei</span> <span class='ocrx_word' id='word_1_290' title='bbox 1119 3166 1229 3225; x_wconf 88' lang='lat' dir='ltr'>Matris</span> <span class='ocrx_word' id='word_1_291' title='bbox 1293 3166 1330 3225; x_wconf 93' lang='lat' dir='ltr'>B.</span> <span class='ocrx_word' id='word_1_292' title='bbox 1349 3166 1387 3226; x_wconf 92' lang='lat' dir='ltr'>C.</span> 
     </span>
    </p>

    <p class='ocr_par' dir='ltr' id='par_1_15' title="bbox 305 3253 1376 3334">
     <span class='ocr_line' id='line_1_36' title="bbox 305 3253 1376 3334; baseline 0.003 -23"><span class='ocrx_word' id='word_1_293' title='bbox 305 3253 351 3312; x_wconf 92' lang='lat' dir='ltr'>De</span> <span class='ocrx_word' id='word_1_294' title='bbox 367 3253 509 3313; x_wconf 91' lang='lat' dir='ltr'>laudibus</span> <span class='ocrx_word' id='word_1_295' title='bbox 525 3254 629 3312; x_wconf 90' lang='lat' dir='ltr'>Sancti</span> <span class='ocrx_word' id='word_1_296' title='bbox 645 3254 796 3313; x_wconf 88' lang='lat' dir='ltr'>Ludovici</span> <span class='ocrx_word' id='word_1_297' title='bbox 811 3255 890 3334; x_wconf 88' lang='lat' dir='ltr'>regis</span> <span class='ocrx_word' id='word_1_298' title='bbox 907 3255 1096 3315; x_wconf 90' lang='lat' dir='ltr'>Francorum</span> <span class='ocrx_word' id='word_1_299' title='bbox 1109 3262 1140 3314; x_wconf 87' lang='lat' dir='ltr'>et</span> <span class='ocrx_word' id='word_1_300' title='bbox 1155 3254 1244 3315; x_wconf 84' lang='lat' dir='ltr'>beate</span> <span class='ocrx_word' id='word_1_301' title='bbox 1258 3254 1376 3314; x_wconf 91' lang='lat' dir='ltr'>Cecilie</span> 
     </span>
    </p>

    <p class='ocr_par' dir='ltr' id='par_1_16' title="bbox 306 3341 1386 3422">
     <span class='ocr_line' id='line_1_37' title="bbox 306 3341 1386 3422; baseline 0.003 -22"><span class='ocrx_word' id='word_1_302' title='bbox 306 3342 352 3400; x_wconf 89' lang='lat' dir='ltr'>De</span> <span class='ocrx_word' id='word_1_303' title='bbox 366 3341 460 3422; x_wconf 86' lang='lat' dir='ltr'>Regis</span> <span class='ocrx_word' id='word_1_304' title='bbox 477 3343 579 3401; x_wconf 86' lang='lat' dir='ltr'>officio</span> <span class='ocrx_word' id='word_1_305' title='bbox 1289 3344 1328 3403; x_wconf 92' lang='grc' dir='ltr'>Β.</span> <span class='ocrx_word' id='word_1_306' title='bbox 1349 3343 1386 3406; x_wconf 92' lang='lat' dir='ltr'>C.</span> 
     </span>
    </p>

    <p class='ocr_par' dir='ltr' id='par_1_17' title="bbox 305 3431 1386 3760">
     <span class='ocr_line' id='line_1_38' title="bbox 305 3431 1386 3492; baseline 0.002 -2"><span class='ocrx_word' id='word_1_307' title='bbox 305 3431 351 3490; x_wconf 92' lang='lat' dir='ltr'>De</span> <span class='ocrx_word' id='word_1_308' title='bbox 367 3431 430 3490; x_wconf 91' lang='lat' dir='ltr'>vita</span> <span class='ocrx_word' id='word_1_309' title='bbox 445 3439 475 3491; x_wconf 89' lang='grc'>31</span> <span class='ocrx_word' id='word_1_310' title='bbox 491 3431 630 3491; x_wconf 91' lang='lat' dir='ltr'>moribus</span> <span class='ocrx_word' id='word_1_311' title='bbox 646 3431 848 3492; x_wconf 88' lang='lat' dir='ltr'>Sacerdotum</span> <span class='ocrx_word' id='word_1_312' title='bbox 1292 3433 1330 3492; x_wconf 90' lang='lat' dir='ltr'>B.</span> <span class='ocrx_word' id='word_1_313' title='bbox 1348 3433 1386 3492; x_wconf 90' lang='lat' dir='ltr'>C.</span> 
     </span>
     <span class='ocr_line' id='line_1_39' title="bbox 305 3520 1386 3582; baseline 0.003 -3"><span class='ocrx_word' id='word_1_314' title='bbox 305 3520 351 3579; x_wconf 90' lang='lat' dir='ltr'>De</span> <span class='ocrx_word' id='word_1_315' title='bbox 367 3520 566 3580; x_wconf 87' lang='lat' dir='ltr'>veneratione</span> <span class='ocrx_word' id='word_1_316' title='bbox 582 3521 767 3581; x_wconf 90' lang='lat' dir='ltr'>Sanctorum</span> <span class='ocrx_word' id='word_1_317' title='bbox 1293 3523 1330 3581; x_wconf 91' lang='lat' dir='ltr'>B.</span> <span class='ocrx_word' id='word_1_318' title='bbox 1348 3521 1386 3582; x_wconf 89' lang='lat' dir='ltr'>C.</span> 
     </span>
     <span class='ocr_line' id='line_1_40' title="bbox 305 3608 1375 3690; baseline 0.002 -22"><span class='ocrx_word' id='word_1_319' title='bbox 305 3610 352 3669; x_wconf 90' lang='lat' dir='ltr'>De</span> <span class='ocrx_word' id='word_1_320' title='bbox 367 3608 449 3669; x_wconf 93' lang='lat' dir='ltr'>bello</span> <span class='ocrx_word' id='word_1_321' title='bbox 464 3618 495 3669; x_wconf 93' lang='lat' dir='ltr'>et</span> <span class='ocrx_word' id='word_1_322' title='bbox 508 3631 582 3690; x_wconf 91' lang='lat' dir='ltr'>pace</span> <span class='ocrx_word' id='word_1_323' title='bbox 1296 3611 1333 3670; x_wconf 92' lang='lat' dir='ltr'>B.</span> <span class='ocrx_word' id='word_1_324' title='bbox 1350 3611 1375 3670; x_wconf 93' lang='lat' dir='ltr'>C</span> 
     </span>
     <span class='ocr_line' id='line_1_41' title="bbox 306 3699 1376 3760; baseline 0.001 -2"><span class='ocrx_word' id='word_1_325' title='bbox 306 3699 352 3758; x_wconf 91' lang='lat' dir='ltr'>De</span> <span class='ocrx_word' id='word_1_326' title='bbox 367 3699 568 3759; x_wconf 85' lang='lat' dir='ltr'>Sacramento</span> <span class='ocrx_word' id='word_1_327' title='bbox 584 3699 777 3760; x_wconf 87' lang='lat' dir='ltr'>Eucharistie</span> <span class='ocrx_word' id='word_1_328' title='bbox 1293 3701 1332 3759; x_wconf 90' lang='lat' dir='ltr'>B.</span> <span class='ocrx_word' id='word_1_329' title='bbox 1351 3700 1376 3759; x_wconf 93' lang='lat' dir='ltr'>C</span> 
     </span>
    </p>
   </div>
   <div class='ocr_carea' id='block_1_3' title="bbox 266 3788 1393 4203">
    <p class='ocr_par' dir='ltr' id='par_1_18' title="bbox 305 3788 1387 3850">
     <span class='ocr_line' id='line_1_42' title="bbox 305 3788 1387 3850; baseline 0.003 -4"><span class='ocrx_word' id='word_1_330' title='bbox 305 3788 352 3846; x_wconf 92' lang='lat' dir='ltr'>De</span> <span class='ocrx_word' id='word_1_331' title='bbox 365 3788 505 3848; x_wconf 91' lang='lat' dir='ltr'>doctrina</span> <span class='ocrx_word' id='word_1_332' title='bbox 521 3788 673 3848; x_wconf 91' lang='lat' dir='ltr'>moriendi</span> <span class='ocrx_word' id='word_1_333' title='bbox 1295 3789 1334 3848; x_wconf 92' lang='grc' dir='ltr'>Β.</span> <span class='ocrx_word' id='word_1_334' title='bbox 1352 3789 1387 3850; x_wconf 93' lang='lat' dir='ltr'>C.</span> 
     </span>
    </p>

    <p class='ocr_par' dir='ltr' id='par_1_19' title="bbox 266 3876 1393 4203">
     <span class='ocr_line' id='line_1_43' title="bbox 305 3876 1393 3958; baseline 0.003 -23"><span class='ocrx_word' id='word_1_335' title='bbox 305 3877 347 3936; x_wconf 84' lang='lat' dir='ltr'>Le</span> <span class='ocrx_word' id='word_1_336' title='bbox 363 3883 432 3936; x_wconf 91' lang='lat' dir='ltr'>tout</span> <span class='ocrx_word' id='word_1_337' title='bbox 447 3877 523 3937; x_wconf 91' lang='lat' dir='ltr'>ainsi</span> <span class='ocrx_word' id='word_1_338' title='bbox 542 3878 644 3938; x_wconf 78' lang='lat' dir='ltr'>donne</span> <span class='ocrx_word' id='word_1_339' title='bbox 660 3884 692 3937; x_wconf 90' lang='grc'>31</span> <span class='ocrx_word' id='word_1_340' title='bbox 710 3876 801 3956; x_wconf 79' lang='lat' dir='ltr'>legue&#39;</span> <span class='ocrx_word' id='word_1_341' title='bbox 817 3900 871 3958; x_wconf 95' lang='lat' dir='ltr'>par</span> <span class='ocrx_word' id='word_1_342' title='bbox 887 3879 980 3939; x_wconf 90' lang='lat' dir='ltr'>ledict</span> <span class='ocrx_word' id='word_1_343' title='bbox 997 3879 1107 3938; x_wconf 85' lang='lat' dir='ltr'>de&#39;lunt</span> <span class='ocrx_word' id='word_1_344' title='bbox 1121 3878 1199 3937; x_wconf 90' lang='lat' dir='ltr'>dont</span> <span class='ocrx_word' id='word_1_345' title='bbox 1214 3899 1292 3937; x_wconf 92' lang='lat' dir='ltr'>nous</span> <span class='ocrx_word' id='word_1_346' title='bbox 1308 3899 1393 3938; x_wconf 89' lang='lat' dir='ltr'>som-</span> 
     </span>
     <span class='ocr_line' id='line_1_44' title="bbox 266 3968 1393 4049; baseline 0.004 -25"><span class='ocrx_word' id='word_1_347' title='bbox 266 3987 330 4025; x_wconf 91' lang='lat' dir='ltr'>mes</span> <span class='ocrx_word' id='word_1_348' title='bbox 345 3973 436 4025; x_wconf 87' lang='lat' dir='ltr'>tenuz</span> <span class='ocrx_word' id='word_1_349' title='bbox 451 3988 530 4046; x_wconf 93' lang='lat' dir='ltr'>pour</span> <span class='ocrx_word' id='word_1_350' title='bbox 544 3974 671 4026; x_wconf 91' lang='grc'><strong>3331333</strong></span> <span class='ocrx_word' id='word_1_351' title='bbox 687 3974 718 4026; x_wconf 90' lang='grc'>31</span> <span class='ocrx_word' id='word_1_352' title='bbox 733 3988 770 4026; x_wconf 94' lang='grc'>33</span> <span class='ocrx_word' id='word_1_353' title='bbox 786 3989 882 4027; x_wconf 90' lang='lat' dir='ltr'>avons</span> <span class='ocrx_word' id='word_1_354' title='bbox 891 3969 995 4049; x_wconf 73' lang='lat' dir='ltr'>&#39;quiete</span> <span class='ocrx_word' id='word_1_355' title='bbox 1011 3976 1042 4027; x_wconf 89' lang='lat' dir='ltr'>et</span> <span class='ocrx_word' id='word_1_356' title='bbox 1052 3968 1231 4044; x_wconf 73' lang='lat' dir='ltr'>desoharge‚</span> <span class='ocrx_word' id='word_1_357' title='bbox 1245 3968 1393 4047; x_wconf 88' lang='lat' dir='ltr'>quictons</span> 
     </span>
     <span class='ocr_line' id='line_1_45' title="bbox 266 4055 1392 4135; baseline 0.002 -20"><span class='ocrx_word' id='word_1_358' title='bbox 266 4062 297 4115; x_wconf 91' lang='grc'>31</span> <span class='ocrx_word' id='word_1_359' title='bbox 319 4055 546 4135; x_wconf 85' lang='lat' dir='ltr'>desohargeons</span> <span class='ocrx_word' id='word_1_360' title='bbox 568 4055 675 4116; x_wconf 86' lang='lat' dir='ltr'>lesdits</span> <span class='ocrx_word' id='word_1_361' title='bbox 696 4057 883 4130; x_wconf 76' lang='grc' dir='ltr'>Τ13133333111</span> <span class='ocrx_word' id='word_1_362' title='bbox 909 4058 936 4117; x_wconf 90' lang='grc'>13</span> <span class='ocrx_word' id='word_1_363' title='bbox 959 4058 1057 4117; x_wconf 87' lang='lat' dir='ltr'>Fevre</span> <span class='ocrx_word' id='word_1_364' title='bbox 1080 4064 1112 4117; x_wconf 91' lang='lat' dir='ltr'>et</span> <span class='ocrx_word' id='word_1_365' title='bbox 1133 4057 1161 4116; x_wconf 93' lang='grc'>13</span> <span class='ocrx_word' id='word_1_366' title='bbox 1183 4055 1273 4116; x_wconf 89' lang='lat' dir='ltr'>Clerc</span> <span class='ocrx_word' id='word_1_367' title='bbox 1293 4058 1392 4117; x_wconf 90' lang='lat' dir='ltr'>esditz</span> 
     </span>
     <span class='ocr_line' id='line_1_46' title="bbox 268 4165 369 4203; baseline -0.01 0"><span class='ocrx_word' id='word_1_368' title='bbox 268 4165 369 4203; x_wconf 78' lang='lat' dir='ltr'>nome.</span> 
     </span>
    </p>
   </div>
   <div class='ocr_carea' id='block_1_4' title="bbox 308 4232 1390 4309">
    <p class='ocr_par' dir='ltr' id='par_1_20' title="bbox 308 4232 1390 4309">
     <span class='ocr_line' id='line_1_47' title="bbox 308 4232 1390 4309; baseline 0.006 -19"><span class='ocrx_word' id='word_1_369' title='bbox 308 4232 508 4297; x_wconf 85' lang='lat' dir='ltr'>Promectans</span> <span class='ocrx_word' id='word_1_370' title='bbox 528 4234 635 4295; x_wconf 86' lang='lat' dir='ltr'>lesditz</span> <span class='ocrx_word' id='word_1_371' title='bbox 657 4235 842 4309; x_wconf 80' lang='lat' dir='ltr'>Thiersault‚</span> <span class='ocrx_word' id='word_1_372' title='bbox 869 4235 897 4295; x_wconf 89' lang='lat' dir='ltr'>le</span> <span class='ocrx_word' id='word_1_373' title='bbox 922 4235 1020 4298; x_wconf 87' lang='lat' dir='ltr'>Fevre</span> <span class='ocrx_word' id='word_1_374' title='bbox 1044 4242 1075 4297; x_wconf 91' lang='lat' dir='ltr'>et</span> <span class='ocrx_word' id='word_1_375' title='bbox 1103 4235 1145 4296; x_wconf 92' lang='lat' dir='ltr'>Le</span> <span class='ocrx_word' id='word_1_376' title='bbox 1174 4236 1264 4298; x_wconf 89' lang='lat' dir='ltr'>Clero</span> <span class='ocrx_word' id='word_1_377' title='bbox 1292 4236 1390 4299; x_wconf 86' lang='lat' dir='ltr'>esditz</span> 
     </span>
    </p>
   </div>
   <div class='ocr_carea' id='block_1_5' title="bbox 0 0 1557 5422">
    <p class='ocr_par' dir='ltr' id='par_1_21' title="bbox 0 0 1557 5422">
     <span class='ocr_line' id='line_1_48' title="bbox 0 0 1557 5422; baseline 0 0"><span class='ocrx_word' id='word_1_378' title='bbox 0 0 1557 5422; x_wconf 95' lang='lat' dir='ltr'> </span> 
     </span>
    </p>
   </div>
  </div>
 </body>
</html>
