3074 5422
681 394 859 456 -120-

207 532 292 591 tendi
308 553 342 591 ea
358 553 395 592 ex
408 532 493 612 prius
504 530 669 612 expressis
683 549 742 609 que
753 528 923 588 secundum
935 536 1017 589 recte
1029 529 1156 588 rationis
1167 549 1329 589 censuram

206 642 241 680 ac
259 621 411 700 judicium
433 620 471 680 ob
497 619 713 679 necessitatem
739 625 810 677 sunt
831 618 1014 691 omittenda,
1038 625 1092 677 aut
1106 618 1330 699 quoquomodo

207 709 247 768 ob
267 709 480 769 rationabilem
505 730 628 769 causam
647 706 913 788 pretermittenda,
938 714 992 767 aut
1016 707 1186 767 secuudum
1206 707 1330 788 quanti·

208 806 303 858 tatem
320 800 414 880 precii
429 799 652 880 aliquantisper
666 796 875 856 diminuenda.

248 889 314 947 Hec
342 896 445 948 autem
474 888 576 947 omnia
605 894 639 947 ut
663 885 810 966 premissa
835 893 916 958 sunt,
944 885 1148 966 premeditato
1172 885 1277 945 animo
1297 893 1330 945 et

207 985 314 1037 exacta
335 977 535 1050 discussione,
558 984 660 1036 moute
680 975 827 1034 incolumi
845 982 877 1034 et
891 996 965 1034 sano
982 975 1083 1035 adhuc
1098 996 1229 1055 corpore
1245 997 1262 1034 a
1279 996 1328 1035 me

206 1065 327 1125 Judoco
341 1065 504 1125 Clichtoue
520 1073 591 1125 sunt
605 1065 786 1124 constituta.
802 1065 902 1133 Quare
914 1085 947 1124 33
959 1065 1062 1124 omnia
1074 1065 1330 1145 prorsusintegre

206 1155 323 1214 servari
338 1163 487 1235 quantum
509 1153 637 1215 lacultas
650 1161 795 1233 suppetet
808 1153 983 1235 expostulo,
1001 1161 1032 1214 et
1047 1154 1106 1213 hoc
1122 1175 1218 1213 unum
1234 1160 1330 1214 testa-

206 1250 346 1303 mentum
371 1243 536 1303 efficaciam
566 1241 678 1302 habere
700 1242 771 1301 volo
792 1250 823 1302 et
845 1242 947 1322 operis
968 1243 1192 1315 executionem,
1218 1243 1331 1302 ceteris

206 1331 351 1392 omnibus
374 1332 569 1392 testamentis
592 1332 677 1412 prius
705 1352 760 1411 per
782 1353 831 1391 me
861 1331 949 1391 factis
971 1332 1098 1391 omnino
1123 1331 1278 1392 revocatis
1301 1339 1331 1392 et

206 1421 374 1499 abrogatis
398 1421 479 1480 Volo
499 1421 626 1501 insuper
646 1420 729 1500 quod
756 1420 836 1480 istud
859 1428 1078 1480 testamentum
1102 1421 1201 1501 possit
1225 1420 1333 1482 multi-

206 1509 313 1590 plicari
333 1517 364 1569 ot
383 1510 546 1569 transcribi
565 1510 735 1569 secundum
759 1509 898 1568 eamdem
918 1510 1046 1568 sormam
1065 1531 1119 1590 per
1133 1510 1331 1571 authenticos

206 1605 236 1658 et
256 1599 404 1678 probatos
419 1599 593 1680 scriptores,
612 1606 643 1658 et
659 1599 725 1679 ejus
741 1598 806 1657 fieri
823 1619 917 1658 unum
935 1605 1039 1658 actum
1055 1599 1121 1658 sive
1137 1599 1326 1679 exemplum,

206 1695 259 1746 aut
273 1687 362 1767 plura
378 1687 415 1768 (si
431 1709 508 1768 opus
525 1688 631 1769 luerit)
646 1694 766 1746 tantum
785 1686 932 1750 valentia.

246 1777 283 1835 Et
301 1777 340 1835 ad
355 1777 502 1856 premissa
524 1778 625 1836 omnia
640 1785 670 1836 et
686 1766 812 1855 singula¹
822 1776 962 1835 facienda
979 1783 1011 1836 et
1027 1777 1206 1858 exequenda
1224 1777 1328 1838 dictus

204 1872 336 1925 testator
360 1865 441 1939 fecit,
470 1866 562 1946 elegit
587 1873 617 1925 et
640 1865 822 1938 nominavit,
850 1873 942 1945 prout
968 1866 1116 1939 nominat,
1143 1874 1328 1927 executores

205 1976 277 2014 suos
293 1955 572 2034 supranominatos
587 1955 699 2035 quibus
710 1955 929 2017 executoribus
939 1962 970 2014 et
981 1976 1088 2014 eorum
1103 1955 1231 2015 cuilibet
1240 1956 1329 2016 dedit

205 2050 236 2102 et
251 2045 404 2104 concessit
418 2043 539 2124 plenam
556 2050 752 2124 potestatem,
767 2042 944 2102 facultatem
956 2052 986 2103 et
997 2044 1175 2104 mandatum
1192 2044 1328 2125 speciale

204 2133 351 2212 premissa
367 2133 497 2192 faciendi
508 2140 539 2191 et
554 2132 736 2212 exequendi,
750 2132 852 2191 omnia
868 2131 947 2192 bona
959 2154 1012 2192 sua
1029 2133 1154 2192 mobilia
1169 2141 1200 2192 et
1213 2134 1328 2194 immo-

205 2221 275 2280 bilia
297 2229 425 2302 propter
444 2222 502 2281 hoc
524 2221 685 2300 obligans;
710 2242 860 2280 revocans
882 2222 984 2280 omnia
1005 2221 1063 2281 alia
1085 2229 1271 2282 testamenta
1294 2225 1329 2302 (si

204 2331 263 2390 que
280 2311 381 2369 forsan
397 2310 470 2369 alias
485 2332 539 2390 per
557 2332 627 2370 eum
645 2311 724 2370 lacta
741 2310 884 2389 luerint);
902 2310 1010 2370 volens
1020 2311 1079 2370 hoc
1094 2332 1220 2392 presens
1233 2319 1330 2373 testa-

205 2406 342 2458 mentum
363 2398 465 2459 valere
488 2406 519 2458 et
538 2399 635 2459 robur
659 2399 813 2458 firmitatis
835 2399 987 2458 obtinere.
1011 2400 1044 2457 ln
1066 2421 1197 2479 quorum
1220 2400 1326 2474 fidem,

204 2487 300 2547 robur
315 2496 345 2548 et
361 2489 584 2564 testimonium,
602 2488 737 2568 sigillum
752 2488 838 2547 curie
853 2495 957 2547 nostre
972 2489 1167 2568 presentibus
1181 2490 1329 2551 duximus

204 2577 434 2657 apponendum.

245 2666 360 2725 Datum
377 2673 405 2726 et
427 2674 530 2726 actum
553 2666 583 2725 in
604 2667 696 2726 domo
715 2665 881 2746 episcopali
898 2666 1091 2738 Carnotensi,
1109 2689 1189 2726 anno
1208 2668 1327 2727 domini

205 2754 367 2814 millesimo
377 2755 623 2836 quingentesimo
633 2754 870 2835 quadragesimo
881 2756 988 2829 tercie,
1004 2756 1053 2825 die
1064 2756 1182 2816 decima
1194 2758 1327 2837 septima

205 2844 318 2903 mensis
333 2843 528 2925 septembris

246 2931 447 2993 Presentibus
469 2933 637 2993 venerabili
658 2934 726 2992 viro
748 2932 896 3011 magistro
919 2933 1012 2992 Petro
1040 2932 1172 3015 Merlyn,
1197 2935 1327 2995 doctore

205 3022 360 3102 theologo,
384 3023 484 3102 priore
503 3030 610 3082 curato
628 3023 782 3102 prioratus
799 3029 905 3081 curate
927 3029 958 3082 et
977 3023 1177 3102 parrochialis
1197 3023 1328 3084 ecclesie

206 3112 244 3170 de
261 3111 456 3185 MorenceiiS,
472 3112 669 3171 Carnotensis
680 3111 821 3184 diocesiS,
840 3133 875 3171 ac
886 3112 1040 3189 magistris
1057 3112 1149 3171 Petro
1160 3113 1325 3192 Groignet,

206 3207 326 3259 rectore
350 3201 414 3259 sive
439 3208 546 3260 curato
567 3201 695 3260 ecclesie
719 3200 904 3279 parochialis
928 3201 1329 3282 Sancti-Gernraui-prope-

206 3288 359 3368 Alloyam,
386 3289 525 3369 ejusdem
553 3289 751 3349 Carnotensis
775 3288 906 3348 diocesis
934 3290 1122 3368 presbiteris,
1147 3299 1177 3349 et
1200 3290 1329 3351 Matheo

207 3377 321 3448 Darde,
339 3377 463 3451 clerico,
481 3379 643 3437 reverendi
658 3379 689 3437 in
706 3378 830 3437 Christo
846 3378 941 3458 patris
956 3379 1111 3437 etdomini
1123 3379 1240 3438 domini
1252 3380 1328 3440 Car-

206 3467 343 3525 notensis
363 3467 499 3546 episcopi
513 3469 688 3541 secretario,
707 3466 833 3526 Carnoti
849 3468 1123 3541 commorantibus,
1142 3469 1275 3528 testibus
1288 3470 1327 3529 ad

207 3555 263 3614 hec
282 3556 400 3614 vocatis
416 3563 447 3615 et
462 3556 590 3634 rogatis.-

844 3681 937 3759 Signe
950 3698 957 3740 :
972 3681 1002 3740 l.
1022 3681 1160 3741 Gonano.

241 3903 411 3956 Chevillerius
430 3904 504 3972 (412,
525 3904 589 3972 417)
603 3904 665 3955 vidit
679 3904 836 3956 Testamenti
850 3905 988 3975 exemplar,
1006 3905 1095 3956 datum
1114 3925 1129 3957 a
1146 3905 1199 3957 lac.
1222 3906 1324 3978 Pastey,

205 3986 339 4037 secretario
350 3985 462 4055 Capituli
477 3984 649 4036 Carnotensis.
