<?xml version="1.0" encoding="UTF-8"?>
<!DOCTYPE html PUBLIC "-//W3C//DTD XHTML 1.0 Transitional//EN"
    "http://www.w3.org/TR/xhtml1/DTD/xhtml1-transitional.dtd">
<html xmlns="http://www.w3.org/1999/xhtml" xml:lang="en" lang="en">
 <head>
  <title>
</title>
<meta http-equiv="Content-Type" content="text/html;charset=utf-8" />
  <meta name='ocr-system' content='tesseract 3.04.00' />
  <meta name='ocr-capabilities' content='ocr_page ocr_carea ocr_par ocr_line ocrx_word'/>
</head>
<body>
  <div class='ocr_page' id='page_1' title='image "./dejudociclichto00clergoog_0048.png"; bbox 0 0 3074 5422; ppageno 0'>
   <div class='ocr_carea' id='block_1_1' title="bbox 584 419 739 479">
    <p class='ocr_par' dir='ltr' id='par_1_1' title="bbox 584 419 739 479">
     <span class='ocr_line' id='line_1_1' title="bbox 584 419 739 479; baseline 0 -16"><span class='ocrx_word' id='word_1_1' title='bbox 584 419 739 479; x_wconf 74' lang='lat'><em>..11-</em></span> 
     </span>
    </p>
   </div>
   <div class='ocr_carea' id='block_1_2' title="bbox 100 553 1219 939">
    <p class='ocr_par' dir='ltr' id='par_1_2' title="bbox 100 553 1219 939">
     <span class='ocr_line' id='line_1_2' title="bbox 101 553 1216 643; baseline -0.001 -24"><span class='ocrx_word' id='word_1_2' title='bbox 101 557 220 620; x_wconf 90' lang='lat' dir='ltr'>Petrus</span> <span class='ocrx_word' id='word_1_3' title='bbox 235 580 253 620; x_wconf 90' lang='lat' dir='ltr'>a</span> <span class='ocrx_word' id='word_1_4' title='bbox 268 555 372 634; x_wconf 85' lang='lat' dir='ltr'><strong>Valle,</strong></span> <span class='ocrx_word' id='word_1_5' title='bbox 390 554 572 643; x_wconf 85' lang='lat' dir='ltr'>professor,</span> <span class='ocrx_word' id='word_1_6' title='bbox 589 554 751 618; x_wconf 82' lang='lat' dir='ltr'>Martialis</span> <span class='ocrx_word' id='word_1_7' title='bbox 769 553 944 631; x_wconf 85' lang='lat' dir='ltr'>Mazurier,</span> <span class='ocrx_word' id='word_1_8' title='bbox 967 555 1053 618; x_wconf 84' lang='lat' dir='ltr'>Rob.</span> <span class='ocrx_word' id='word_1_9' title='bbox 1077 555 1216 633; x_wconf 84' lang='lat' dir='ltr'>Guerin,</span> 
     </span>
     <span class='ocr_line' id='line_1_3' title="bbox 101 651 1219 742; baseline -0.001 -25"><span class='ocrx_word' id='word_1_10' title='bbox 101 656 219 718; x_wconf 88' lang='lat' dir='ltr'>Petrus</span> <span class='ocrx_word' id='word_1_11' title='bbox 242 654 416 730; x_wconf 91' lang='lat' dir='ltr'>Merlinus,</span> <span class='ocrx_word' id='word_1_12' title='bbox 441 651 615 716; x_wconf 89' lang='lat' dir='ltr'>baccalarii</span> <span class='ocrx_word' id='word_1_13' title='bbox 643 675 812 729; x_wconf 85' lang='lat' dir='ltr'>cursores3</span> <span class='ocrx_word' id='word_1_14' title='bbox 843 652 877 714; x_wconf 88' lang='lat' dir='ltr'>in</span> <span class='ocrx_word' id='word_1_15' title='bbox 905 651 1046 742; x_wconf 87' lang='lat' dir='ltr'>collegio</span> <span class='ocrx_word' id='word_1_16' title='bbox 1077 653 1219 717; x_wconf 88' lang='lat' dir='ltr'>Montis-</span> 
     </span>
     <span class='ocr_line' id='line_1_4' title="bbox 100 750 1217 839; baseline -0.001 -24"><span class='ocrx_word' id='word_1_17' title='bbox 100 751 210 829; x_wconf 82' lang='lat' dir='ltr'>Acuti,</span> <span class='ocrx_word' id='word_1_18' title='bbox 224 751 313 815; x_wconf 84' lang='lat' dir='ltr'>Beda</span> <span class='ocrx_word' id='word_1_19' title='bbox 330 751 386 839; x_wconf 92' lang='lat' dir='ltr'>qui</span> <span class='ocrx_word' id='word_1_20' title='bbox 403 751 505 814; x_wconf 79' lang='lat' dir='ltr'>feroci</span> <span class='ocrx_word' id='word_1_21' title='bbox 520 750 712 814; x_wconf 88' lang='lat' dir='ltr'>Standouch</span> <span class='ocrx_word' id='word_1_22' title='bbox 727 762 762 813; x_wconf 87' lang='lat' dir='ltr'>ut</span> <span class='ocrx_word' id='word_1_23' title='bbox 777 750 929 837; x_wconf 82' lang='lat' dir='ltr'><strong>provisor</strong></span> <span class='ocrx_word' id='word_1_24' title='bbox 944 763 1166 828; x_wconf 79' lang='lat' dir='ltr'>successerat3</span> <span class='ocrx_word' id='word_1_25' title='bbox 1185 751 1217 814; x_wconf 93' lang='lat' dir='ltr'>in</span> 
     </span>
     <span class='ocr_line' id='line_1_5' title="bbox 103 848 1219 939; baseline -0.002 -25"><span class='ocrx_word' id='word_1_26' title='bbox 103 852 266 927; x_wconf 89' lang='lat' dir='ltr'>Sorbona,</span> <span class='ocrx_word' id='word_1_27' title='bbox 281 849 419 939; x_wconf 87' lang='lat' dir='ltr'>Egidius</span> <span class='ocrx_word' id='word_1_28' title='bbox 435 849 537 927; x_wconf 85' lang='lat' dir='ltr'>Dellt,</span> <span class='ocrx_word' id='word_1_29' title='bbox 551 848 686 912; x_wconf 86' lang='lat' dir='ltr'>Martini</span> <span class='ocrx_word' id='word_1_30' title='bbox 698 848 850 937; x_wconf 79' lang='lat' dir='ltr'>Magistri</span> <span class='ocrx_word' id='word_1_31' title='bbox 866 848 944 910; x_wconf 90' lang='lat' dir='ltr'>olim</span> <span class='ocrx_word' id='word_1_32' title='bbox 961 848 1104 928; x_wconf 83' lang='lat' dir='ltr'>auditor,</span> <span class='ocrx_word' id='word_1_33' title='bbox 1122 849 1219 912; x_wconf 88' lang='lat' dir='ltr'>Buri-</span> 
     </span>
    </p>
   </div>
   <div class='ocr_carea' id='block_1_3' title="bbox 100 947 1220 1625">
    <p class='ocr_par' dir='ltr' id='par_1_3' title="bbox 100 947 1219 1233">
     <span class='ocr_line' id='line_1_6' title="bbox 101 947 1217 1036; baseline -0.001 -26"><span class='ocrx_word' id='word_1_34' title='bbox 101 948 245 1036; x_wconf 88' lang='lat' dir='ltr'>danique</span> <span class='ocrx_word' id='word_1_35' title='bbox 261 972 399 1035; x_wconf 89' lang='lat' dir='ltr'>operum</span> <span class='ocrx_word' id='word_1_36' title='bbox 415 947 534 1025; x_wconf 83' lang='lat' dir='ltr'>editor,</span> <span class='ocrx_word' id='word_1_37' title='bbox 548 947 617 1034; x_wconf 93' lang='lat' dir='ltr'>qui,</span> <span class='ocrx_word' id='word_1_38' title='bbox 635 959 772 1033; x_wconf 87' lang='lat' dir='ltr'>propter</span> <span class='ocrx_word' id='word_1_39' title='bbox 788 970 879 1009; x_wconf 90' lang='lat' dir='ltr'>suam</span> <span class='ocrx_word' id='word_1_40' title='bbox 898 970 1036 1033; x_wconf 85' lang='lat' dir='ltr'>poeseos</span> <span class='ocrx_word' id='word_1_41' title='bbox 1053 948 1217 1034; x_wconf 80' lang='lat' dir='ltr'>peritiam,</span> 
     </span>
     <span class='ocr_line' id='line_1_7' title="bbox 100 1043 1219 1134; baseline 0 -25"><span class='ocrx_word' id='word_1_42' title='bbox 100 1046 252 1133; x_wconf 84' lang='lat' dir='ltr'>Delphus</span> <span class='ocrx_word' id='word_1_43' title='bbox 281 1045 401 1134; x_wconf 83' lang='lat' dir='ltr'>Apollo</span> <span class='ocrx_word' id='word_1_44' title='bbox 429 1045 489 1109; x_wconf 85' lang='lat' dir='ltr'>luit</span> <span class='ocrx_word' id='word_1_45' title='bbox 517 1045 615 1107; x_wconf 89' lang='lat' dir='ltr'>etiam</span> <span class='ocrx_word' id='word_1_46' title='bbox 644 1045 816 1108; x_wconf 85' lang='lat' dir='ltr'>vocitatus.</span> <span class='ocrx_word' id='word_1_47' title='bbox 845 1043 1059 1134; x_wconf 86' lang='lat' dir='ltr'>Theologiam</span> <span class='ocrx_word' id='word_1_48' title='bbox 1087 1069 1219 1133; x_wconf 89' lang='lat' dir='ltr'>quoque</span> 
     </span>
     <span class='ocr_line' id='line_1_8' title="bbox 100 1141 1216 1233; baseline 0 -26"><span class='ocrx_word' id='word_1_49' title='bbox 100 1145 265 1208; x_wconf 83' lang='lat' dir='ltr'>docebant</span> <span class='ocrx_word' id='word_1_50' title='bbox 278 1143 456 1221; x_wconf 88' lang='lat' dir='ltr'>Boussard,</span> <span class='ocrx_word' id='word_1_51' title='bbox 475 1143 672 1220; x_wconf 88' lang='lat' dir='ltr'>Mainterne,</span> <span class='ocrx_word' id='word_1_52' title='bbox 691 1143 870 1229; x_wconf 87' lang='lat' dir='ltr'>pluresque</span> <span class='ocrx_word' id='word_1_53' title='bbox 886 1141 942 1205; x_wconf 90' lang='lat' dir='ltr'>alii</span> <span class='ocrx_word' id='word_1_54' title='bbox 958 1165 1023 1204; x_wconf 88' lang='lat' dir='ltr'>non</span> <span class='ocrx_word' id='word_1_55' title='bbox 1038 1142 1216 1233; x_wconf 75' lang='lat' dir='ltr'>ignobiles</span> 
     </span>
    </p>

    <p class='ocr_par' dir='ltr' id='par_1_4' title="bbox 101 1238 1220 1625">
     <span class='ocr_line' id='line_1_9' title="bbox 144 1238 1219 1332; baseline 0 -28"><span class='ocrx_word' id='word_1_56' title='bbox 144 1242 274 1325; x_wconf 89' lang='lat' dir='ltr'>Quibus</span> <span class='ocrx_word' id='word_1_57' title='bbox 294 1241 463 1332; x_wconf 88' lang='lat' dir='ltr'>Magistris</span> <span class='ocrx_word' id='word_1_58' title='bbox 480 1265 546 1304; x_wconf 94' lang='lat' dir='ltr'>non</span> <span class='ocrx_word' id='word_1_59' title='bbox 562 1241 699 1304; x_wconf 88' lang='lat' dir='ltr'>deerant</span> <span class='ocrx_word' id='word_1_60' title='bbox 717 1239 885 1327; x_wconf 86' lang='lat' dir='ltr'>discipuli,</span> <span class='ocrx_word' id='word_1_61' title='bbox 910 1239 937 1302; x_wconf 92' lang='lat' dir='ltr'>si</span> <span class='ocrx_word' id='word_1_62' title='bbox 957 1238 1160 1303; x_wconf 88' lang='lat' dir='ltr'>credendum</span> <span class='ocrx_word' id='word_1_63' title='bbox 1177 1241 1219 1305; x_wconf 92' lang='lat' dir='ltr'>sit</span> 
     </span>
     <span class='ocr_line' id='line_1_10' title="bbox 102 1337 1220 1428; baseline -0.002 -25"><span class='ocrx_word' id='word_1_64' title='bbox 102 1340 302 1428; x_wconf 84' lang='lat' dir='ltr'>Hieronymo</span> <span class='ocrx_word' id='word_1_65' title='bbox 331 1339 500 1417; x_wconf 89' lang='lat' dir='ltr'>Munser¹‚</span> <span class='ocrx_word' id='word_1_66' title='bbox 529 1341 622 1426; x_wconf 84' lang='lat' dir='ltr'>juxta</span> <span class='ocrx_word' id='word_1_67' title='bbox 653 1363 751 1425; x_wconf 89' lang='lat' dir='ltr'>quem</span> <span class='ocrx_word' id='word_1_68' title='bbox 777 1337 913 1402; x_wconf 91' lang='lat' dir='ltr'>Parisiis</span> <span class='ocrx_word' id='word_1_69' title='bbox 937 1349 1016 1400; x_wconf 90' lang='lat' dir='ltr'>tunc</span> <span class='ocrx_word' id='word_1_70' title='bbox 1042 1337 1220 1402; x_wconf 88' lang='lat' dir='ltr'>studebant</span> 
     </span>
     <span class='ocr_line' id='line_1_11' title="bbox 101 1435 1220 1525; baseline -0.001 -24"><span class='ocrx_word' id='word_1_71' title='bbox 101 1437 277 1502; x_wconf 87' lang='lat' dir='ltr'>scolarium</span> <span class='ocrx_word' id='word_1_72' title='bbox 293 1437 360 1502; x_wconf 86' lang='lat' dir='ltr'>fere</span> <span class='ocrx_word' id='word_1_73' title='bbox 381 1437 570 1525; x_wconf 89' lang='lat' dir='ltr'>quindecim</span> <span class='ocrx_word' id='word_1_74' title='bbox 587 1436 702 1516; x_wconf 90' lang='lat' dir='ltr'>millia,</span> <span class='ocrx_word' id='word_1_75' title='bbox 724 1460 764 1500; x_wconf 90' lang='lat' dir='ltr'>ex</span> <span class='ocrx_word' id='word_1_76' title='bbox 784 1435 904 1524; x_wconf 89' lang='lat' dir='ltr'>quibus</span> <span class='ocrx_word' id='word_1_77' title='bbox 927 1459 1043 1498; x_wconf 88' lang='lat' dir='ltr'>novem</span> <span class='ocrx_word' id='word_1_78' title='bbox 1064 1436 1164 1499; x_wconf 89' lang='lat' dir='ltr'>millia</span> <span class='ocrx_word' id='word_1_79' title='bbox 1181 1462 1220 1500; x_wconf 90' lang='lat' dir='ltr'>ex</span> 
     </span>
     <span class='ocr_line' id='line_1_12' title="bbox 101 1533 1219 1625; baseline -0.001 -26"><span class='ocrx_word' id='word_1_80' title='bbox 101 1536 292 1625; x_wconf 90' lang='lat' dir='ltr'>longinquis</span> <span class='ocrx_word' id='word_1_81' title='bbox 308 1536 502 1624; x_wconf 85' lang='lat' dir='ltr'>regionibus</span> <span class='ocrx_word' id='word_1_82' title='bbox 513 1547 684 1598; x_wconf 87' lang='lat' dir='ltr'>venerant.</span> <span class='ocrx_word' id='word_1_83' title='bbox 707 1534 766 1598; x_wconf 81' lang='lat' dir='ltr'>Ast</span> <span class='ocrx_word' id='word_1_84' title='bbox 781 1534 869 1598; x_wconf 90' lang='lat' dir='ltr'>inter</span> <span class='ocrx_word' id='word_1_85' title='bbox 886 1544 1036 1597; x_wconf 90' lang='lat' dir='ltr'>coeteros</span> <span class='ocrx_word' id='word_1_86' title='bbox 1052 1533 1219 1598; x_wconf 91' lang='lat' dir='ltr'>eminebat</span> 
     </span>
    </p>
   </div>
   <div class='ocr_carea' id='block_1_4' title="bbox 93 1631 1220 4468">
    <p class='ocr_par' dir='ltr' id='par_1_5' title="bbox 96 1631 1219 1919">
     <span class='ocr_line' id='line_1_13' title="bbox 99 1631 1219 1722; baseline -0.003 -24"><span class='ocrx_word' id='word_1_87' title='bbox 99 1647 214 1698; x_wconf 90' lang='lat' dir='ltr'>coetus</span> <span class='ocrx_word' id='word_1_88' title='bbox 236 1634 475 1722; x_wconf 90' lang='lat' dir='ltr'>discipulorum</span> <span class='ocrx_word' id='word_1_89' title='bbox 499 1634 608 1697; x_wconf 90' lang='lat' dir='ltr'>Fabro</span> <span class='ocrx_word' id='word_1_90' title='bbox 634 1633 854 1712; x_wconf 90' lang='lat' dir='ltr'>addictorum,</span> <span class='ocrx_word' id='word_1_91' title='bbox 878 1632 931 1696; x_wconf 91' lang='lat' dir='ltr'>cui</span> <span class='ocrx_word' id='word_1_92' title='bbox 952 1631 1143 1719; x_wconf 88' lang='lat' dir='ltr'>nuperrime</span> <span class='ocrx_word' id='word_1_93' title='bbox 1164 1656 1219 1696; x_wconf 91' lang='lat' dir='ltr'>so-</span> 
     </span>
     <span class='ocr_line' id='line_1_14' title="bbox 96 1729 1218 1810; baseline -0.002 -14"><span class='ocrx_word' id='word_1_94' title='bbox 96 1734 185 1797; x_wconf 86' lang='lat' dir='ltr'>cium</span> <span class='ocrx_word' id='word_1_95' title='bbox 201 1757 236 1796; x_wconf 93' lang='lat' dir='ltr'>se</span> <span class='ocrx_word' id='word_1_96' title='bbox 257 1732 394 1796; x_wconf 88' lang='lat' dir='ltr'>dederat</span> <span class='ocrx_word' id='word_1_97' title='bbox 415 1733 579 1795; x_wconf 82' lang='lat' dir='ltr'>Robertus</span> <span class='ocrx_word' id='word_1_98' title='bbox 601 1733 820 1810; x_wconf 82' lang='lat' dir='ltr'>Fortunatus3</span> <span class='ocrx_word' id='word_1_99' title='bbox 843 1731 898 1794; x_wconf 91' lang='lat' dir='ltr'>isti</span> <span class='ocrx_word' id='word_1_100' title='bbox 914 1729 983 1793; x_wconf 87' lang='lat' dir='ltr'>fere</span> <span class='ocrx_word' id='word_1_101' title='bbox 1005 1754 1132 1809; x_wconf 90' lang='lat' dir='ltr'>omnes,</span> <span class='ocrx_word' id='word_1_102' title='bbox 1155 1730 1218 1794; x_wconf 90' lang='lat' dir='ltr'>im-</span> 
     </span>
     <span class='ocr_line' id='line_1_15' title="bbox 97 1829 898 1919; baseline -0.005 -24"><span class='ocrx_word' id='word_1_103' title='bbox 97 1831 246 1919; x_wconf 90' lang='lat' dir='ltr'>pellente</span> <span class='ocrx_word' id='word_1_104' title='bbox 266 1831 386 1904; x_wconf 81' lang='lat' dir='ltr'>Fabro,</span> <span class='ocrx_word' id='word_1_105' title='bbox 405 1831 553 1894; x_wconf 89' lang='lat' dir='ltr'>diversos</span> <span class='ocrx_word' id='word_1_106' title='bbox 570 1829 762 1893; x_wconf 88' lang='lat' dir='ltr'>scribebant</span> <span class='ocrx_word' id='word_1_107' title='bbox 782 1829 898 1892; x_wconf 91' lang='lat' dir='ltr'>libros.</span> 
     </span>
    </p>

    <p class='ocr_par' dir='ltr' id='par_1_6' title="bbox 93 1926 1220 3881">
     <span class='ocr_line' id='line_1_16' title="bbox 141 1926 1217 2016; baseline -0.002 -24"><span class='ocrx_word' id='word_1_108' title='bbox 141 1930 252 1993; x_wconf 91' lang='lat' dir='ltr'>Faber</span> <span class='ocrx_word' id='word_1_109' title='bbox 271 1928 417 2016; x_wconf 91' lang='lat' dir='ltr'>quidem,</span> <span class='ocrx_word' id='word_1_110' title='bbox 447 1940 562 2014; x_wconf 90' lang='lat' dir='ltr'>utpote</span> <span class='ocrx_word' id='word_1_111' title='bbox 588 1928 727 1991; x_wconf 86' lang='lat' dir='ltr'>scientia</span> <span class='ocrx_word' id='word_1_112' title='bbox 746 1926 918 2015; x_wconf 90' lang='lat' dir='ltr'>praeditus</span> <span class='ocrx_word' id='word_1_113' title='bbox 934 1926 1125 2005; x_wconf 87' lang='lat' dir='ltr'>universali,</span> <span class='ocrx_word' id='word_1_114' title='bbox 1152 1951 1217 1990; x_wconf 92' lang='lat' dir='ltr'>non</span> 
     </span>
     <span class='ocr_line' id='line_1_17' title="bbox 94 2023 1220 2105; baseline -0.004 -14"><span class='ocrx_word' id='word_1_115' title='bbox 94 2041 227 2092; x_wconf 87' lang='lat' dir='ltr'>tantum</span> <span class='ocrx_word' id='word_1_116' title='bbox 248 2027 386 2102; x_wconf 90' lang='lat' dir='ltr'>artibus,</span> <span class='ocrx_word' id='word_1_117' title='bbox 414 2026 676 2105; x_wconf 83' lang='lat' dir='ltr'>mathematicae,</span> <span class='ocrx_word' id='word_1_118' title='bbox 699 2025 853 2089; x_wconf 89' lang='lat' dir='ltr'>videlicet</span> <span class='ocrx_word' id='word_1_119' title='bbox 873 2037 904 2088; x_wconf 85' lang='lat' dir='ltr'>et</span> <span class='ocrx_word' id='word_1_120' title='bbox 926 2024 1070 2087; x_wconf 90' lang='lat' dir='ltr'>musicae</span> <span class='ocrx_word' id='word_1_121' title='bbox 1095 2023 1220 2089; x_wconf 90' lang='lat' dir='ltr'>incum-</span> 
     </span>
     <span class='ocr_line' id='line_1_18' title="bbox 94 2121 1216 2212; baseline -0.004 -23"><span class='ocrx_word' id='word_1_122' title='bbox 94 2127 211 2203; x_wconf 89' lang='lat' dir='ltr'>bebat,</span> <span class='ocrx_word' id='word_1_123' title='bbox 225 2123 284 2188; x_wconf 90' lang='lat' dir='ltr'>sed</span> <span class='ocrx_word' id='word_1_124' title='bbox 296 2126 454 2212; x_wconf 81' lang='lat' dir='ltr'>paulatim</span> <span class='ocrx_word' id='word_1_125' title='bbox 467 2149 483 2188; x_wconf 88' lang='lat' dir='ltr'>a</span> <span class='ocrx_word' id='word_1_126' title='bbox 500 2124 711 2212; x_wconf 90' lang='lat' dir='ltr'>philosophia</span> <span class='ocrx_word' id='word_1_127' title='bbox 732 2123 931 2186; x_wconf 88' lang='lat' dir='ltr'>aristotelica</span> <span class='ocrx_word' id='word_1_128' title='bbox 948 2121 989 2185; x_wconf 90' lang='lat' dir='ltr'>ad</span> <span class='ocrx_word' id='word_1_129' title='bbox 1004 2122 1216 2209; x_wconf 90' lang='lat' dir='ltr'>platonicam,</span> 
     </span>
     <span class='ocr_line' id='line_1_19' title="bbox 93 2221 1218 2314; baseline -0.001 -28"><span class='ocrx_word' id='word_1_130' title='bbox 93 2224 163 2287; x_wconf 92' lang='lat' dir='ltr'>imo</span> <span class='ocrx_word' id='word_1_131' title='bbox 184 2222 226 2286; x_wconf 94' lang='lat' dir='ltr'>ad</span> <span class='ocrx_word' id='word_1_132' title='bbox 245 2223 448 2314; x_wconf 91' lang='lat' dir='ltr'>theologiam</span> <span class='ocrx_word' id='word_1_133' title='bbox 475 2223 647 2310; x_wconf 87' lang='lat' dir='ltr'>mysticam</span> <span class='ocrx_word' id='word_1_134' title='bbox 668 2235 700 2285; x_wconf 89' lang='lat' dir='ltr'>et</span> <span class='ocrx_word' id='word_1_135' title='bbox 721 2222 761 2286; x_wconf 88' lang='lat' dir='ltr'>ad</span> <span class='ocrx_word' id='word_1_136' title='bbox 783 2224 900 2285; x_wconf 89' lang='lat' dir='ltr'>Sacras</span> <span class='ocrx_word' id='word_1_137' title='bbox 927 2221 1115 2307; x_wconf 90' lang='lat' dir='ltr'>Scripturas</span> <span class='ocrx_word' id='word_1_138' title='bbox 1145 2246 1218 2308; x_wconf 92' lang='lat' dir='ltr'>pro-</span> 
     </span>
     <span class='ocr_line' id='line_1_20' title="bbox 94 2318 1216 2414; baseline -0.003 -29"><span class='ocrx_word' id='word_1_139' title='bbox 94 2321 325 2414; x_wconf 84' lang='lat' dir='ltr'>grediebatur.</span> <span class='ocrx_word' id='word_1_140' title='bbox 366 2323 469 2384; x_wconf 89' lang='lat' dir='ltr'>Totus</span> <span class='ocrx_word' id='word_1_141' title='bbox 494 2345 573 2408; x_wconf 87' lang='lat' dir='ltr'>ergo</span> <span class='ocrx_word' id='word_1_142' title='bbox 602 2320 636 2382; x_wconf 95' lang='lat' dir='ltr'>in</span> <span class='ocrx_word' id='word_1_143' title='bbox 667 2319 806 2383; x_wconf 90' lang='lat' dir='ltr'>edendis</span> <span class='ocrx_word' id='word_1_144' title='bbox 836 2318 1029 2382; x_wconf 88' lang='lat' dir='ltr'>tractatibus</span> <span class='ocrx_word' id='word_1_145' title='bbox 1057 2319 1216 2406; x_wconf 80' lang='lat' dir='ltr'>mysticiS,</span> 
     </span>
     <span class='ocr_line' id='line_1_21' title="bbox 94 2415 1217 2508; baseline -0.001 -26"><span class='ocrx_word' id='word_1_146' title='bbox 94 2417 303 2508; x_wconf 88' lang='lat' dir='ltr'>provinciam</span> <span class='ocrx_word' id='word_1_147' title='bbox 324 2419 391 2482; x_wconf 89' lang='lat' dir='ltr'>sive</span> <span class='ocrx_word' id='word_1_148' title='bbox 413 2419 532 2482; x_wconf 88' lang='lat' dir='ltr'>artium</span> <span class='ocrx_word' id='word_1_149' title='bbox 554 2418 621 2481; x_wconf 87' lang='lat' dir='ltr'>sive</span> <span class='ocrx_word' id='word_1_150' title='bbox 644 2418 864 2481; x_wconf 88' lang='lat' dir='ltr'>aristotelicae</span> <span class='ocrx_word' id='word_1_151' title='bbox 885 2415 1094 2502; x_wconf 89' lang='lat' dir='ltr'>disciplinae,</span> <span class='ocrx_word' id='word_1_152' title='bbox 1116 2417 1217 2481; x_wconf 93' lang='lat' dir='ltr'>disci-</span> 
     </span>
     <span class='ocr_line' id='line_1_22' title="bbox 95 2513 1217 2604; baseline -0.001 -24"><span class='ocrx_word' id='word_1_153' title='bbox 95 2517 187 2604; x_wconf 90' lang='lat' dir='ltr'>pulis</span> <span class='ocrx_word' id='word_1_154' title='bbox 217 2517 286 2581; x_wconf 90' lang='lat' dir='ltr'>suis</span> <span class='ocrx_word' id='word_1_155' title='bbox 311 2516 541 2604; x_wconf 87' lang='lat' dir='ltr'>relinquebat:</span> <span class='ocrx_word' id='word_1_156' title='bbox 566 2540 663 2604; x_wconf 88' lang='lat' dir='ltr'>quam</span> <span class='ocrx_word' id='word_1_157' title='bbox 691 2515 838 2579; x_wconf 92' lang='lat' dir='ltr'>Bovillus</span> <span class='ocrx_word' id='word_1_158' title='bbox 864 2528 896 2578; x_wconf 93' lang='lat' dir='ltr'>et</span> <span class='ocrx_word' id='word_1_159' title='bbox 921 2513 1132 2578; x_wconf 89' lang='lat' dir='ltr'>Clichtoveus</span> <span class='ocrx_word' id='word_1_160' title='bbox 1152 2540 1217 2579; x_wconf 96' lang='lat' dir='ltr'>non</span> 
     </span>
     <span class='ocr_line' id='line_1_23' title="bbox 96 2611 1218 2702; baseline -0.002 -24"><span class='ocrx_word' id='word_1_161' title='bbox 96 2615 340 2702; x_wconf 87' lang='lat' dir='ltr'>inexploratam</span> <span class='ocrx_word' id='word_1_162' title='bbox 365 2615 534 2679; x_wconf 90' lang='lat' dir='ltr'>dimisere.</span> <span class='ocrx_word' id='word_1_163' title='bbox 559 2614 707 2678; x_wconf 87' lang='lat' dir='ltr'>Bovillus</span> <span class='ocrx_word' id='word_1_164' title='bbox 725 2614 812 2678; x_wconf 90' lang='lat' dir='ltr'>enim</span> <span class='ocrx_word' id='word_1_165' title='bbox 833 2613 926 2700; x_wconf 91' lang='lat' dir='ltr'>plura</span> <span class='ocrx_word' id='word_1_166' title='bbox 948 2611 988 2674; x_wconf 87' lang='lat' dir='ltr'>de</span> <span class='ocrx_word' id='word_1_167' title='bbox 1004 2614 1218 2700; x_wconf 84' lang='lat' dir='ltr'>geometricis</span> 
     </span>
     <span class='ocr_line' id='line_1_24' title="bbox 97 2710 1218 2800; baseline -0.003 -23"><span class='ocrx_word' id='word_1_168' title='bbox 97 2727 131 2777; x_wconf 91' lang='lat' dir='ltr'>et</span> <span class='ocrx_word' id='word_1_169' title='bbox 148 2712 390 2777; x_wconf 89' lang='lat' dir='ltr'>mathematicis</span> <span class='ocrx_word' id='word_1_170' title='bbox 403 2712 548 2800; x_wconf 89' lang='lat' dir='ltr'>scripsit,</span> <span class='ocrx_word' id='word_1_171' title='bbox 563 2712 775 2776; x_wconf 89' lang='lat' dir='ltr'>Clichtoveus</span> <span class='ocrx_word' id='word_1_172' title='bbox 787 2723 895 2776; x_wconf 88' lang='lat' dir='ltr'>autem</span> <span class='ocrx_word' id='word_1_173' title='bbox 907 2710 1015 2774; x_wconf 89' lang='lat' dir='ltr'>adhuc</span> <span class='ocrx_word' id='word_1_174' title='bbox 1029 2712 1132 2774; x_wconf 91' lang='lat' dir='ltr'>multa</span> <span class='ocrx_word' id='word_1_175' title='bbox 1145 2735 1218 2774; x_wconf 90' lang='lat' dir='ltr'>can-</span> 
     </span>
     <span class='ocr_line' id='line_1_25' title="bbox 97 2809 1219 2890; baseline -0.002 -16"><span class='ocrx_word' id='word_1_176' title='bbox 97 2810 222 2875; x_wconf 89' lang='lat' dir='ltr'>didatis</span> <span class='ocrx_word' id='word_1_177' title='bbox 242 2811 360 2874; x_wconf 91' lang='lat' dir='ltr'>artium</span> <span class='ocrx_word' id='word_1_178' title='bbox 381 2811 473 2875; x_wconf 88' lang='lat' dir='ltr'>utilia</span> <span class='ocrx_word' id='word_1_179' title='bbox 494 2810 528 2873; x_wconf 91' lang='lat' dir='ltr'>in</span> <span class='ocrx_word' id='word_1_180' title='bbox 545 2811 651 2873; x_wconf 91' lang='lat' dir='ltr'>lucem</span> <span class='ocrx_word' id='word_1_181' title='bbox 673 2810 793 2873; x_wconf 88' lang='lat' dir='ltr'>emisit.</span> <span class='ocrx_word' id='word_1_182' title='bbox 818 2812 907 2890; x_wconf 90' lang='lat' dir='ltr'>Quas</span> <span class='ocrx_word' id='word_1_183' title='bbox 923 2809 1002 2872; x_wconf 92' lang='lat' dir='ltr'>olim</span> <span class='ocrx_word' id='word_1_184' title='bbox 1019 2809 1160 2886; x_wconf 89' lang='lat' dir='ltr'>mendis,</span> <span class='ocrx_word' id='word_1_185' title='bbox 1184 2821 1219 2872; x_wconf 90' lang='lat' dir='ltr'>ut</span> 
     </span>
     <span class='ocr_line' id='line_1_26' title="bbox 97 2907 1218 3000; baseline -0.003 -28"><span class='ocrx_word' id='word_1_186' title='bbox 97 2921 279 2987; x_wconf 89' lang='lat' dir='ltr'>corrector,</span> <span class='ocrx_word' id='word_1_187' title='bbox 311 2921 521 3000; x_wconf 87' lang='lat' dir='ltr'>purgaverat,</span> <span class='ocrx_word' id='word_1_188' title='bbox 551 2908 651 2973; x_wconf 90' lang='lat' dir='ltr'>Fabri</span> <span class='ocrx_word' id='word_1_189' title='bbox 676 2909 946 2987; x_wconf 69' lang='lat' dir='ltr'>Introduc-troam,</span> <span class='ocrx_word' id='word_1_190' title='bbox 975 2907 1108 2971; x_wconf 90' lang='lat' dir='ltr'>easdem</span> <span class='ocrx_word' id='word_1_191' title='bbox 1134 2931 1218 2970; x_wconf 88' lang='lat' dir='ltr'>eom·</span> 
     </span>
     <span class='ocr_line' id='line_1_27' title="bbox 97 3004 1219 3086; baseline -0.002 -16"><span class='ocrx_word' id='word_1_192' title='bbox 97 3006 281 3086; x_wconf 89' lang='lat' dir='ltr'>mentariis,</span> <span class='ocrx_word' id='word_1_193' title='bbox 303 3007 432 3070; x_wconf 90' lang='lat' dir='ltr'>doctior</span> <span class='ocrx_word' id='word_1_194' title='bbox 453 3006 570 3083; x_wconf 88' lang='lat' dir='ltr'>sactus,</span> <span class='ocrx_word' id='word_1_195' title='bbox 594 3006 784 3069; x_wconf 90' lang='lat' dir='ltr'>adornavit:</span> <span class='ocrx_word' id='word_1_196' title='bbox 809 3007 1072 3069; x_wconf 81' lang='lat' dir='ltr'>Introductiones</span> <span class='ocrx_word' id='word_1_197' title='bbox 1092 3004 1219 3069; x_wconf 88' lang='lat' dir='ltr'>seilicet</span> 
     </span>
     <span class='ocr_line' id='line_1_28' title="bbox 96 3103 1213 3192; baseline -0.004 -22"><span class='ocrx_word' id='word_1_198' title='bbox 96 3105 197 3170; x_wconf 89' lang='lat' dir='ltr'>Fabri</span> <span class='ocrx_word' id='word_1_199' title='bbox 223 3106 270 3169; x_wconf 84' lang='lat' dir='ltr'>ad</span> <span class='ocrx_word' id='word_1_200' title='bbox 298 3105 398 3168; x_wconf 81' lang='lat' dir='ltr'>libros</span> <span class='ocrx_word' id='word_1_201' title='bbox 426 3106 574 3192; x_wconf 76' lang='lat' dir='ltr'>LogieoS,</span> <span class='ocrx_word' id='word_1_202' title='bbox 602 3128 688 3167; x_wconf 90' lang='lat' dir='ltr'>anno</span> <span class='ocrx_word' id='word_1_203' title='bbox 717 3105 814 3181; x_wconf 94' lang='grc'>1500,</span> <span class='ocrx_word' id='word_1_204' title='bbox 841 3105 886 3166; x_wconf 85' lang='lat' dir='ltr'>od</span> <span class='ocrx_word' id='word_1_205' title='bbox 913 3104 1012 3167; x_wconf 81' lang='lat' dir='ltr'>libros</span> <span class='ocrx_word' id='word_1_206' title='bbox 1040 3103 1213 3188; x_wconf 74' lang='lat' dir='ltr'>Physiem,</span> 
     </span>
     <span class='ocr_line' id='line_1_29' title="bbox 98 3201 1216 3283; baseline -0.002 -16"><span class='ocrx_word' id='word_1_207' title='bbox 98 3227 185 3267; x_wconf 91' lang='lat' dir='ltr'>anno</span> <span class='ocrx_word' id='word_1_208' title='bbox 210 3204 307 3281; x_wconf 87' lang='grc'>1501,</span> <span class='ocrx_word' id='word_1_209' title='bbox 333 3205 379 3266; x_wconf 85' lang='lat' dir='ltr'>od</span> <span class='ocrx_word' id='word_1_210' title='bbox 402 3203 561 3283; x_wconf 63' lang='lat' dir='ltr'>Moralem,</span> <span class='ocrx_word' id='word_1_211' title='bbox 593 3226 678 3265; x_wconf 89' lang='lat' dir='ltr'>anno</span> <span class='ocrx_word' id='word_1_212' title='bbox 705 3203 801 3265; x_wconf 71' lang='lat'>1502.</span> <span class='ocrx_word' id='word_1_213' title='bbox 834 3201 930 3265; x_wconf 83' lang='lat' dir='ltr'>Anno</span> <span class='ocrx_word' id='word_1_214' title='bbox 959 3202 1092 3265; x_wconf 90' lang='lat' dir='ltr'>tandem</span> <span class='ocrx_word' id='word_1_215' title='bbox 1119 3202 1216 3279; x_wconf 87' lang='grc'>1503,</span> 
     </span>
     <span class='ocr_line' id='line_1_30' title="bbox 98 3299 1218 3388; baseline -0.004 -23"><span class='ocrx_word' id='word_1_216' title='bbox 98 3301 355 3388; x_wconf 89' lang='lat' dir='ltr'>cooperantibus</span> <span class='ocrx_word' id='word_1_217' title='bbox 368 3301 476 3364; x_wconf 88' lang='lat' dir='ltr'>Fabro</span> <span class='ocrx_word' id='word_1_218' title='bbox 490 3301 562 3388; x_wconf 91' lang='lat' dir='ltr'>ipso</span> <span class='ocrx_word' id='word_1_219' title='bbox 577 3312 609 3362; x_wconf 88' lang='lat' dir='ltr'>et</span> <span class='ocrx_word' id='word_1_220' title='bbox 620 3299 760 3376; x_wconf 89' lang='lat' dir='ltr'>Bovillo‚</span> <span class='ocrx_word' id='word_1_221' title='bbox 774 3299 923 3363; x_wconf 89' lang='lat' dir='ltr'>diversos</span> <span class='ocrx_word' id='word_1_222' title='bbox 939 3311 1098 3362; x_wconf 87' lang='lat' dir='ltr'>tractatus</span> <span class='ocrx_word' id='word_1_223' title='bbox 1115 3299 1218 3362; x_wconf 88' lang='lat' dir='ltr'>scien·</span> 
     </span>
     <span class='ocr_line' id='line_1_31' title="bbox 97 3397 1218 3484; baseline -0.002 -22"><span class='ocrx_word' id='word_1_224' title='bbox 97 3398 206 3462; x_wconf 90' lang='lat' dir='ltr'>tificos</span> <span class='ocrx_word' id='word_1_225' title='bbox 223 3399 256 3463; x_wconf 92' lang='lat' dir='ltr'>in</span> <span class='ocrx_word' id='word_1_226' title='bbox 272 3422 372 3462; x_wconf 92' lang='lat' dir='ltr'>unum</span> <span class='ocrx_word' id='word_1_227' title='bbox 388 3398 545 3462; x_wconf 88' lang='lat' dir='ltr'>collectos</span> <span class='ocrx_word' id='word_1_228' title='bbox 562 3397 678 3462; x_wconf 90' lang='lat' dir='ltr'>edidit.</span> <span class='ocrx_word' id='word_1_229' title='bbox 697 3397 755 3460; x_wconf 93' lang='lat' dir='ltr'>His</span> <span class='ocrx_word' id='word_1_230' title='bbox 770 3397 878 3460; x_wconf 85' lang='lat' dir='ltr'>lorsan</span> <span class='ocrx_word' id='word_1_231' title='bbox 894 3397 1101 3484; x_wconf 89' lang='lat' dir='ltr'>temporibus</span> <span class='ocrx_word' id='word_1_232' title='bbox 1117 3397 1218 3484; x_wconf 92' lang='lat' dir='ltr'>scrip·</span> 
     </span>
     <span class='ocr_line' id='line_1_32' title="bbox 99 3494 1218 3585; baseline -0.003 -25"><span class='ocrx_word' id='word_1_233' title='bbox 99 3497 142 3560; x_wconf 90' lang='lat' dir='ltr'>sit</span> <span class='ocrx_word' id='word_1_234' title='bbox 181 3496 391 3560; x_wconf 90' lang='lat' dir='ltr'>Clichtoveus</span> <span class='ocrx_word' id='word_1_235' title='bbox 430 3495 570 3561; x_wconf 89' lang='lat' dir='ltr'>Codices</span> <span class='ocrx_word' id='word_1_236' title='bbox 609 3496 687 3558; x_wconf 89' lang='lat' dir='ltr'>olim</span> <span class='ocrx_word' id='word_1_237' title='bbox 721 3495 754 3558; x_wconf 92' lang='lat' dir='ltr'>in</span> <span class='ocrx_word' id='word_1_238' title='bbox 795 3495 953 3585; x_wconf 88' lang='lat' dir='ltr'>Catalogo</span> <span class='ocrx_word' id='word_1_239' title='bbox 992 3494 1218 3558; x_wconf 87' lang='lat' dir='ltr'>Bibliothecae</span> 
     </span>
     <span class='ocr_line' id='line_1_33' title="bbox 99 3591 1219 3680; baseline -0.004 -21"><span class='ocrx_word' id='word_1_240' title='bbox 99 3596 263 3659; x_wconf 89' lang='lat' dir='ltr'>Navarrae</span> <span class='ocrx_word' id='word_1_241' title='bbox 281 3593 444 3657; x_wconf 87' lang='lat' dir='ltr'>indicatos</span> <span class='ocrx_word' id='word_1_242' title='bbox 469 3595 530 3658; x_wconf 94' lang='lat' dir='ltr'>sub</span> <span class='ocrx_word' id='word_1_243' title='bbox 552 3593 697 3657; x_wconf 88' lang='lat' dir='ltr'>numeris</span> <span class='ocrx_word' id='word_1_244' title='bbox 720 3594 781 3657; x_wconf 79' lang='grc'>109</span> <span class='ocrx_word' id='word_1_245' title='bbox 807 3606 839 3656; x_wconf 89' lang='lat' dir='ltr'>et</span> <span class='ocrx_word' id='word_1_246' title='bbox 865 3594 939 3670; x_wconf 67' lang='lat'>422,</span> <span class='ocrx_word' id='word_1_247' title='bbox 962 3594 1130 3680; x_wconf 80' lang='lat' dir='ltr'>Logicom,</span> <span class='ocrx_word' id='word_1_248' title='bbox 1155 3591 1219 3655; x_wconf 91' lang='lat' dir='ltr'>sci-</span> 
     </span>
     <span class='ocr_line' id='line_1_34' title="bbox 99 3690 1215 3771; baseline 0 -17"><span class='ocrx_word' id='word_1_249' title='bbox 99 3691 190 3771; x_wconf 91' lang='lat' dir='ltr'>licet,</span> <span class='ocrx_word' id='word_1_250' title='bbox 212 3706 245 3756; x_wconf 91' lang='lat' dir='ltr'>et</span> <span class='ocrx_word' id='word_1_251' title='bbox 270 3692 761 3756; x_wconf 68' lang='grc' dir='ltr'>6000010000ιἠὒίαίεοιίεαηῑ</span> <span class='ocrx_word' id='word_1_252' title='bbox 784 3707 814 3754; x_wconf 80' lang='lat' dir='ltr'>et</span> <span class='ocrx_word' id='word_1_253' title='bbox 841 3692 993 3754; x_wconf 77' lang='lat' dir='ltr'>Ethicom</span> <span class='ocrx_word' id='word_1_254' title='bbox 1019 3690 1215 3754; x_wconf 81' lang='lat' dir='ltr'>Aristotelis.</span> 
     </span>
     <span class='ocr_line' id='line_1_35' title="bbox 100 3788 950 3881; baseline -0.002 -28"><span class='ocrx_word' id='word_1_255' title='bbox 100 3792 125 3854; x_wconf 89' lang='grc' dir='ltr'><strong><em>Τ</em></strong></span> <span class='ocrx_word' id='word_1_256' title='bbox 127 3813 193 3853; x_wconf 87' lang='lat' dir='ltr'>unc</span> <span class='ocrx_word' id='word_1_257' title='bbox 208 3789 352 3881; x_wconf 90' lang='lat' dir='ltr'>degebat</span> <span class='ocrx_word' id='word_1_258' title='bbox 371 3789 404 3853; x_wconf 94' lang='lat' dir='ltr'>in</span> <span class='ocrx_word' id='word_1_259' title='bbox 421 3789 559 3878; x_wconf 86' lang='lat' dir='ltr'>collegio</span> <span class='ocrx_word' id='word_1_260' title='bbox 577 3788 950 3854; x_wconf 88' lang='lat' dir='ltr'>Cardinalis-Monachi.</span> 
     </span>
    </p>

    <p class='ocr_par' dir='ltr' id='par_1_7' title="bbox 99 3886 1218 4468">
     <span class='ocr_line' id='line_1_36' title="bbox 144 3886 1215 3975; baseline -0.002 -24"><span class='ocrx_word' id='word_1_261' title='bbox 144 3891 236 3970; x_wconf 90' lang='lat' dir='ltr'>Quae</span> <span class='ocrx_word' id='word_1_262' title='bbox 260 3887 395 3975; x_wconf 89' lang='lat' dir='ltr'>quidem</span> <span class='ocrx_word' id='word_1_263' title='bbox 408 3912 522 3975; x_wconf 90' lang='lat' dir='ltr'>opera,</span> <span class='ocrx_word' id='word_1_264' title='bbox 545 3900 660 3975; x_wconf 90' lang='lat' dir='ltr'>utpote</span> <span class='ocrx_word' id='word_1_265' title='bbox 677 3886 843 3951; x_wconf 90' lang='lat' dir='ltr'>studiosae</span> <span class='ocrx_word' id='word_1_266' title='bbox 854 3886 1020 3974; x_wconf 89' lang='lat' dir='ltr'>juventuti</span> <span class='ocrx_word' id='word_1_267' title='bbox 1040 3886 1215 3962; x_wconf 88' lang='lat' dir='ltr'>destinata,</span> 
     </span>
     <span class='ocr_line' id='line_1_37' title="bbox 99 3983 1217 4076; baseline -0.003 -27"><span class='ocrx_word' id='word_1_268' title='bbox 99 4009 196 4049; x_wconf 87' lang='lat' dir='ltr'>causa</span> <span class='ocrx_word' id='word_1_269' title='bbox 212 3985 303 4048; x_wconf 87' lang='lat' dir='ltr'>suere</span> <span class='ocrx_word' id='word_1_270' title='bbox 322 4010 381 4049; x_wconf 93' lang='lat' dir='ltr'>cur</span> <span class='ocrx_word' id='word_1_271' title='bbox 401 3985 495 4049; x_wconf 88' lang='lat' dir='ltr'>multi</span> <span class='ocrx_word' id='word_1_272' title='bbox 517 3985 662 4049; x_wconf 87' lang='lat' dir='ltr'>exomni</span> <span class='ocrx_word' id='word_1_273' title='bbox 682 3985 820 4076; x_wconf 87' lang='lat' dir='ltr'>regione</span> <span class='ocrx_word' id='word_1_274' title='bbox 841 3983 997 4072; x_wconf 90' lang='lat' dir='ltr'>discipuli</span> <span class='ocrx_word' id='word_1_275' title='bbox 1014 3983 1053 4047; x_wconf 89' lang='lat' dir='ltr'>ad</span> <span class='ocrx_word' id='word_1_276' title='bbox 1075 3984 1217 4047; x_wconf 91' lang='lat' dir='ltr'>Fabrum</span> 
     </span>
     <span class='ocr_line' id='line_1_38' title="bbox 100 4082 1218 4171; baseline -0.003 -24"><span class='ocrx_word' id='word_1_277' title='bbox 100 4083 393 4171; x_wconf 88' lang='lat' dir='ltr'>Clichtoveumque</span> <span class='ocrx_word' id='word_1_278' title='bbox 416 4082 641 4147; x_wconf 84' lang='lat' dir='ltr'>confluerent:</span> <span class='ocrx_word' id='word_1_279' title='bbox 666 4108 705 4147; x_wconf 87' lang='lat' dir='ltr'>ex</span> <span class='ocrx_word' id='word_1_280' title='bbox 732 4083 881 4152; x_wconf 78' lang='lat' dir='ltr'>Polouia,</span> <span class='ocrx_word' id='word_1_281' title='bbox 908 4082 1047 4159; x_wconf 91' lang='lat' dir='ltr'>scilicet,</span> <span class='ocrx_word' id='word_1_282' title='bbox 1075 4084 1218 4145; x_wconf 87' lang='lat' dir='ltr'>loannes</span> 
     </span>
     <span class='ocr_line' id='line_1_39' title="bbox 102 4179 1217 4270; baseline -0.004 -24"><span class='ocrx_word' id='word_1_283' title='bbox 102 4181 234 4246; x_wconf 88' lang='lat' dir='ltr'>Solidus</span> <span class='ocrx_word' id='word_1_284' title='bbox 272 4181 514 4261; x_wconf 88' lang='lat' dir='ltr'>Cracoviensis,</span> <span class='ocrx_word' id='word_1_285' title='bbox 553 4195 585 4244; x_wconf 89' lang='lat' dir='ltr'>et</span> <span class='ocrx_word' id='word_1_286' title='bbox 622 4181 796 4270; x_wconf 87' lang='lat' dir='ltr'>Volgatius</span> <span class='ocrx_word' id='word_1_287' title='bbox 822 4180 1003 4256; x_wconf 90' lang='lat' dir='ltr'>Pratensis,</span> <span class='ocrx_word' id='word_1_288' title='bbox 1039 4192 1072 4242; x_wconf 90' lang='lat' dir='ltr'>et</span> <span class='ocrx_word' id='word_1_289' title='bbox 1103 4179 1217 4243; x_wconf 87' lang='lat' dir='ltr'>forsan</span> 
     </span>
     <span class='ocr_line' id='line_1_40' title="bbox 102 4277 1218 4357; baseline -0.002 -15"><span class='ocrx_word' id='word_1_290' title='bbox 102 4280 218 4342; x_wconf 89' lang='lat' dir='ltr'>Petrus</span> <span class='ocrx_word' id='word_1_291' title='bbox 247 4278 288 4343; x_wconf 91' lang='lat' dir='ltr'>de</span> <span class='ocrx_word' id='word_1_292' title='bbox 312 4281 434 4343; x_wconf 90' lang='lat' dir='ltr'>Porta:</span> <span class='ocrx_word' id='word_1_293' title='bbox 466 4304 505 4343; x_wconf 89' lang='lat' dir='ltr'>ex</span> <span class='ocrx_word' id='word_1_294' title='bbox 533 4279 693 4357; x_wconf 87' lang='lat' dir='ltr'>Helvetia,</span> <span class='ocrx_word' id='word_1_295' title='bbox 720 4278 790 4341; x_wconf 87' lang='lat' dir='ltr'>duo</span> <span class='ocrx_word' id='word_1_296' title='bbox 818 4277 1043 4356; x_wconf 82' lang='lat' dir='ltr'>Amerbachii,</span> <span class='ocrx_word' id='word_1_297' title='bbox 1076 4277 1218 4341; x_wconf 90' lang='lat' dir='ltr'>celebris</span> 
     </span>
     <span class='ocr_line' id='line_1_41' title="bbox 102 4375 1216 4468; baseline -0.002 -29"><span class='ocrx_word' id='word_1_298' title='bbox 102 4377 299 4468; x_wconf 86' lang='lat' dir='ltr'>typographi</span> <span class='ocrx_word' id='word_1_299' title='bbox 322 4377 522 4442; x_wconf 90' lang='lat' dir='ltr'>Basileensis</span> <span class='ocrx_word' id='word_1_300' title='bbox 547 4377 626 4456; x_wconf 89' lang='lat' dir='ltr'>filii;</span> <span class='ocrx_word' id='word_1_301' title='bbox 649 4401 689 4440; x_wconf 86' lang='lat' dir='ltr'>ex</span> <span class='ocrx_word' id='word_1_302' title='bbox 715 4375 852 4454; x_wconf 83' lang='lat' dir='ltr'>hlsatia,</span> <span class='ocrx_word' id='word_1_303' title='bbox 880 4379 1001 4439; x_wconf 87' lang='lat' dir='ltr'>Beatus</span> <span class='ocrx_word' id='word_1_304' title='bbox 1024 4376 1216 4454; x_wconf 83' lang='lat' dir='ltr'>Rhenanus,</span> 
     </span>
    </p>
   </div>
   <div class='ocr_carea' id='block_1_5' title="bbox 139 4591 938 4665">
    <p class='ocr_par' dir='ltr' id='par_1_8' title="bbox 139 4591 938 4665">
     <span class='ocr_line' id='line_1_42' title="bbox 139 4591 938 4665; baseline -0.003 -22"><span class='ocrx_word' id='word_1_305' title='bbox 139 4594 161 4645; x_wconf 92' lang='lat' dir='ltr'>l.</span> <span class='ocrx_word' id='word_1_306' title='bbox 181 4591 297 4653; x_wconf 86' lang='lat' dir='ltr'>Janssen,</span> <span class='ocrx_word' id='word_1_307' title='bbox 318 4592 443 4645; x_wconf 81' lang='lat' dir='ltr'>Histoire</span> <span class='ocrx_word' id='word_1_308' title='bbox 459 4592 497 4645; x_wconf 85' lang='lat' dir='ltr'>du</span> <span class='ocrx_word' id='word_1_309' title='bbox 508 4593 613 4665; x_wconf 83' lang='lat' dir='ltr'>pcuple</span> <span class='ocrx_word' id='word_1_310' title='bbox 628 4591 784 4652; x_wconf 79' lang='lat' dir='ltr'>allemand,</span> <span class='ocrx_word' id='word_1_311' title='bbox 801 4592 835 4650; x_wconf 88' lang='lat' dir='ltr'>ll,</span> <span class='ocrx_word' id='word_1_312' title='bbox 853 4611 877 4661; x_wconf 92' lang='lat' dir='ltr'>p.</span> <span class='ocrx_word' id='word_1_313' title='bbox 897 4593 938 4644; x_wconf 82' lang='lat'>75.</span> 
     </span>
    </p>
   </div>
   <div class='ocr_carea' id='block_1_6' title="bbox 0 0 1549 5422">
    <p class='ocr_par' dir='ltr' id='par_1_9' title="bbox 0 0 1549 5422">
     <span class='ocr_line' id='line_1_43' title="bbox 0 0 1549 5422; baseline 0 0"><span class='ocrx_word' id='word_1_314' title='bbox 0 0 1549 5422; x_wconf 95' lang='lat' dir='ltr'> </span> 
     </span>
    </p>
   </div>
  </div>
 </body>
</html>
