3074 5422
675 432 855 494 -ll8-

202 568 445 649 disseparatione
462 575 652 647 reponantur
664 588 734 626 cum
745 567 820 646 ipsis
833 566 863 624 in
880 565 1018 645 predicta
1030 565 1216 624 bibliotheca
1227 563 1326 624 eccle-

203 659 246 718 sie
261 657 460 717 Carnotensis
476 664 605 737 propter
615 656 845 734 colligationem
861 664 891 713 et
907 662 1045 714 mutuam
1058 654 1324 734 conjunctionem.

204 749 334 827 Insuper
356 747 386 804 in
411 746 517 805 eadem
550 745 736 805 bibliotheca
765 743 959 824 reponendos
985 743 1095 802 ordino
1124 743 1219 802 libros
1249 743 1326 802 istos

203 858 288 896 meos
311 842 485 914 sequentes
508 835 601 894 etiam
622 835 798 914 impressos
817 833 870 892 scd
886 833 914 890 in
932 833 1042 912 majori
1059 832 1217 892 volumine
1233 853 1325 912 quam

203 932 276 984 sunt
299 924 370 982 libri
395 924 596 1004 precedentes
615 931 646 982 et
670 944 762 1002 supra
792 922 960 981 nominati:
991 921 1094 1002 Opera
1124 920 1210 981 beati
1238 921 1326 1003 Dyo-

204 1013 279 1073 nisii
292 1012 498 1094 Areopapite,
523 1011 744 1072 commentario
771 1010 929 1070 declarata
937 1028 949 1087 ,·
968 1048 1006 1054 —
1029 1009 1144 1070 Libros
1168 1009 1326 1070 Johannis

204 1101 393 1162 Damasceni
403 1100 441 1161 de
452 1100 515 1183 fide
526 1100 710 1176 orthodoxa,
726 1122 794 1159 cum
811 1099 1055 1178 commcntario‚·
1074 1135 1113 1145 -
1129 1097 1245 1159 Libros
1262 1098 1326 1180 Cy-

204 1190 272 1252 rilli
284 1190 468 1272 patriarche
484 1189 697 1251 Aleaandrini
715 1185 746 1248 in
764 1188 959 1266 evangelium
980 1188 1155 1266 Jobannis;
1169 1225 1208 1233 -
1232 1188 1326 1248 Anti-

205 1280 363 1340 lutherum
389 1287 451 1340 tres
477 1279 576 1339 libros
596 1279 848 1360 complectentem
856 1296 868 1355 ;
892 1313 930 1322 —
955 1275 1238 1359 Propupnaculum
1264 1278 1326 1337 Ec·

205 1369 308 1446 cleric,
326 1369 436 1430 intres
454 1367 550 1428 libros
566 1367 769 1444 distinctum
789 1402 827 1413 —
854 1366 1109 1427 Elucidatorium
1132 1366 1326 1427 ecclesiasti-

204 1481 286 1535 cum,
304 1458 336 1517 in
357 1465 493 1540 quatuor
508 1456 605 1517 libros
621 1456 769 1517 divisum.
790 1458 829 1516 Et
846 1457 877 1515 hi
895 1477 1002 1516 omnes
1018 1456 1098 1528 libri,
1120 1477 1157 1514 ex
1173 1477 1327 1516 consensu

205 1548 302 1628 ipsius
315 1547 451 1627 Capituli
468 1547 677 1619 CarnotensiS,
694 1548 860 1624 affigantur
870 1546 1008 1605 cathenis
1019 1545 1050 1603 in
1066 1545 1204 1625 predicta
1215 1544 1329 1605 biblio-

206 1637 306 1709 theca,
329 1656 388 1716 que
411 1636 487 1695 mcis
512 1635 660 1716 impensis
675 1643 706 1695 et
730 1635 868 1715 pecuniis
890 1641 1120 1714 comparentur.
1143 1635 1176 1693 ln
1197 1634 1328 1713 singulis

205 1732 307 1785 autem
322 1724 471 1784 librorum
488 1725 700 1804 predictorum
714 1722 866 1783 scribatur
877 1724 907 1782 in
923 1724 1086 1804 principio,
1099 1723 1137 1782 ad
1147 1724 1328 1783 interiorem

206 1821 326 1894 partem
345 1814 535 1894 coopertorii
551 1835 604 1873 seu
621 1815 650 1872 in
670 1814 771 1894 primo
786 1813 861 1872 lolio
874 1812 955 1885 albo,
973 1813 1024 1872 hic
1039 1812 1167 1873 titulus:
1185 1813 1239 1872 Ean
1249 1812 1328 1872 dono

205 1901 322 1963 Judoci
338 1902 511 1979 Clichtoue,
530 1902 689 1984 quondam
704 1901 848 1962 canonici
862 1901 1075 1961 Carnotensis.
1098 1902 1192 1962 Orate
1203 1923 1266 1982 pro
1282 1924 1327 1977 eo,

207 1999 241 2051 ut
255 1991 387 2051 lectione
403 1992 484 2051 illius
495 1992 647 2072 scripture
662 1992 832 2051 incitentur
846 1991 977 2050 lectores
992 1993 1045 2071 qui
1061 1991 1219 2071 predictos
1232 1991 1328 2051 libros

207 2080 381 2140 evolverint
396 2081 435 2139 ad
456 2081 696 2161 impartiendum
712 2081 813 2139 anime
833 2101 900 2139 mee
916 2101 969 2139 sue
985 2080 1134 2140 orationis
1153 2079 1328 2140 subsidium

207 2177 238 2229 et
253 2170 471 2250 patrocinium.
495 2170 639 2229 Preterea
658 2169 767 2229 ordino
787 2177 817 2229 et
838 2170 995 2228 constituo
1011 2170 1096 2249 quod
1110 2169 1217 2229 decem
1239 2169 1330 2229 volu-

207 2259 289 2317 mina
305 2280 341 2318 ex
358 2259 444 2318 libris
462 2260 549 2330 meis,
569 2259 627 2318 alia
643 2281 659 2318 a
683 2258 869 2337 supradictis
886 2259 916 2316 in
937 2259 996 2318 hoc
1016 2266 1213 2330 testament0,
1232 2280 1329 2318 reser-

207 2355 321 2407 ventur
343 2356 374 2407 et
393 2348 557 2408 tradantur
579 2348 674 2427 regali
699 2347 831 2425 collegio
854 2348 991 2407 Navarra
1015 2348 1098 2427 apud
1121 2347 1267 2422 Parisios
1294 2370 1330 2407 ex

207 2437 289 2496 dono
305 2458 385 2510 meo,
407 2437 445 2496 ad
464 2437 677 2518 reponendum
697 2437 765 2497 illos
785 2437 815 2494 in
837 2437 975 2517 ejusdem
998 2436 1119 2517 collegii
1140 2437 1330 2497 bibliotheca

208 2533 239 2586 et
256 2547 317 2584 non
332 2526 370 2584 ad
392 2526 484 2586 alium
502 2548 602 2586 usum.
627 2528 666 2586 Et
685 2547 720 2585 ea
741 2525 865 2605 quidem
886 2547 921 2585 ac
941 2526 1012 2585 talia
1036 2526 1193 2586 volumina
1214 2548 1276 2607 que
1300 2533 1332 2586 et

208 2615 310 2696 qualia
329 2615 513 2675 venerabilis
537 2616 681 2675 dominus
705 2623 735 2674 et
757 2614 956 2674 honorandus
980 2615 1128 2694 magister
1150 2615 1330 2677 liudovicus

208 2705 345 2777 Lassere‚
362 2704 487 2763 sedulus
498 2713 528 2764 et
540 2705 639 2764 fidelis
649 2705 792 2785 provisor
804 2704 944 2783 ejusdem
956 2704 1066 2764 domus
1080 2704 1260 2778 Navarrice‚
1274 2727 1330 2765 vo-

208 2793 300 2852 luerit
315 2793 451 2872 deligere
467 2801 560 2874 atque
576 2814 736 2853 secernere
752 2814 789 2852 ex
809 2800 877 2852 toto
892 2792 1042 2853 librorum
1059 2815 1200 2853 meorum
1216 2815 1331 2854 acervo

208 2890 239 2942 et
254 2902 394 2955 numero,
413 2890 444 2942 et
461 2904 520 2963 que
537 2882 725 2963 judicaverit
742 2882 834 2960 digna
851 2883 958 2962 reponi
974 2884 1004 2941 in
1020 2883 1127 2942 eadem
1139 2882 1331 2943 bibliotheca

209 2970 386 3044 Navarrica,
408 2979 441 3030 ut
458 2971 521 3031 illic
538 2993 661 3052 semper
675 2973 765 3030 affixa
781 2979 934 3041 maneant,
954 2972 992 3030 ad
1009 2993 1098 3031 usum
1114 2971 1331 3052 quotidianum

209 3061 401 3120 studentium
416 3069 447 3121 et
463 3061 688 3121 litteratorum.

250 3150 328 3208 Item
343 3149 412 3229 lego
427 3151 542 3210 fabrice
557 3151 685 3210 ecclesie
697 3150 896 3210 Carnotensis
912 3158 1009 3209 terras
1021 3150 1152 3210 arabiles
1164 3172 1265 3231 nuper
1278 3171 1334 3231 per

211 3259 260 3297 me
281 3245 399 3318 emptas
424 3261 440 3298 a
469 3240 596 3299 Matheo
619 3240 745 3312 Breton‚
774 3240 847 3298 sitas
869 3240 899 3298 in
924 3239 1082 3298 territorio
1107 3240 1145 3299 de
1169 3239 1330 3321 Chaunay‚

210 3328 373 3407 parrochie
390 3328 427 3387 de
447 3329 899 3408 Fontaneto-supcrAuduram‚
920 3350 979 3409 que
995 3329 1166 3388 ascendunt
1181 3351 1279 3410 usque
1294 3330 1334 3388 ad

211 3416 353 3475 undecim
374 3417 423 3476 vel
445 3417 608 3477 duodecim
630 3419 761 3478 sextaria
777 3425 868 3490 terro,
890 3439 960 3477 cum
976 3425 1063 3497 parte
1078 3416 1189 3477 domus
1205 3425 1237 3478 et
1258 3420 1332 3492 orti,

210 3504 302 3564 latius
317 3506 348 3563 in
373 3505 484 3565 litteris
505 3528 598 3587 super
619 3507 797 3587 hujusmodi
818 3507 975 3587 emptione
995 3507 1084 3565 lactis
1103 3506 1277 3580 declaratis
1295 3508 1335 3567 ad

211 3615 290 3652 onus
305 3595 415 3674 viginti
428 3603 560 3674 quatuor
576 3597 736 3655 missarum
753 3597 942 3675 privatarum
957 3595 1126 3655 secundum
1137 3596 1216 3655 diem
1230 3598 1336 3676 singu-

212 3683 249 3742 lis
260 3684 357 3756 annis‚
370 3684 407 3742 ad
419 3685 514 3744 altare
526 3685 762 3760 Beate-Cecilie‚
775 3685 848 3744 alias
856 3685 1149 3758 Sancti-Laurentii,
1161 3685 1218 3744 sub
1231 3686 1336 3746 hostio

213 3772 342 3832 Camere
362 3782 579 3853 compotorum
596 3775 700 3846 situm,
719 3775 817 3853 prima
838 3782 869 3832 et
889 3773 1007 3833 decima
1027 3773 1135 3853 quinta
1156 3774 1206 3833 die
1228 3775 1335 3856 cujus-

212 3860 287 3920 libet
303 3862 417 3921 mensis
432 3863 698 3936 celebrandarum,
717 3871 747 3922 et
763 3864 853 3922 unius
869 3863 994 3922 alterius
1010 3864 1101 3922 misse
1116 3864 1146 3922 in
1160 3864 1208 3922 die
1222 3865 1334 3925 festiva

213 3950 325 4009 Sancte
341 3951 466 4010 Cecilie.
486 3952 524 4009 Et
534 3952 572 4010 ad
584 3974 672 4011 usum
684 3951 899 4012 celebrationis
911 3952 1089 4031 hujusmodi
1101 3953 1263 4013 missarum
1275 3976 1336 4034 ego

214 4039 306 4098 etiam
322 4039 393 4118 lego
409 4062 511 4100 meum
528 4041 654 4100 calicem
669 4049 847 4121 argenteum
864 4041 1056 4101 deauratum.

254 4129 287 4187 ln
310 4129 403 4188 natali
425 4151 500 4190 vero
522 4130 588 4190 solo
609 4152 643 4189 ac
666 4131 763 4209 patria
785 4151 862 4203 mea,
885 4137 956 4210 post
976 4130 1095 4190 obitum
1118 4152 1231 4204 meum,
1255 4132 1336 4191 divi-

213 4217 325 4277 dantur
340 4219 417 4278 bona
434 4241 500 4278 mea
516 4220 701 4279 hereditaria
717 4220 780 4279 illic
795 4220 1006 4293 consistentia,
1024 4221 1090 4280 sive
1105 4220 1135 4278 in
1149 4221 1252 4295 terris
1270 4223 1337 4283 sive

213 4306 355 4366 domibus
378 4308 442 4367 sive
458 4309 567 4367 annuis
589 4309 772 4381 redditibus
791 4309 952 4388 equaliter,
975 4309 1143 4368 secundum
1165 4330 1285 4370 morem
1307 4319 1337 4371 et

213 4396 467 4456 consuetudinem
482 4399 589 4477 patrie,
609 4399 689 4456 inter
705 4419 757 4456 eos
774 4398 826 4477 qui
842 4405 914 4456 sunt
927 4397 1058 4475 legitimi
1074 4397 1203 4456 heredes
1215 4406 1246 4457 et
1261 4421 1336 4478 pro-

213 4484 287 4542 ximi
309 4486 460 4545 bonorum
484 4508 622 4546 mcorum
647 4487 875 4566 temporalium,
906 4487 1076 4544 secundum
1104 4486 1334 4548 ordinationem

209 4572 288 4653 juris
299 4580 329 4632 et
344 4595 433 4634 usum
444 4582 625 4635 consuetum
638 4576 783 4656 regionis
797 4583 906 4655 utpote
921 4575 1002 4634 inter
1012 4575 1091 4634 lilios
1102 4582 1133 4634 et
1147 4575 1225 4634 filias
1236 4577 1332 4637 trium
