3074 5422
690 430 848 492 ..59-

210 570 350 646 mainus,
370 568 492 655 etipse
512 569 618 653 Major
639 566 695 653 qui
717 565 868 629 dicebat:
895 592 912 625 «
930 567 977 628 De
1005 565 1206 628 Doctoribus
1227 566 1331 652 pudet

209 666 319 754 loqui:
345 666 438 729 multi
464 666 550 728 enim
576 688 690 727 eorum
719 662 824 751 magis
850 675 927 725 sunt
954 662 1126 725 doctrinae
1151 662 1200 725 vel
1232 663 1329 726 dictis

208 764 319 851 potius
340 788 473 826 suorum
497 765 679 826 Doctorum
700 759 823 823 addicti
840 784 936 847 quam
961 759 1184 822 laniatissimis
1207 761 1330 824 sanctis

210 862 364 925 Patribus
385 861 508 948 pariter
529 885 566 922 ac
582 857 845 922 eruditissimis¹.
868 884 883 917 »

254 962 378 1022 Omnes
395 983 474 1049 ergo
491 971 570 1021 tune
591 957 751 1044 temporis
772 958 933 1019 Doctores
952 955 1174 1043 Theologiae²
1195 956 1237 1019 ad
1254 981 1330 1020 suos

208 1056 317 1121 sontes
355 1057 500 1120 reditum
533 1056 711 1143 optabant,
752 1066 964 1141 tentataeque
1003 1054 1236 1117 restaurationi
1271 1079 1331 1141 per

209 1155 437 1219 Clichtoveum
452 1167 484 1217 et
498 1155 642 1217 Fabrum
658 1151 815 1239 plaudere
831 1151 936 1237 parati
948 1164 1054 1214 erant.
1067 1150 1119 1215 Ad
1135 1176 1235 1239 quam
1252 1177 1330 1239 pro-

208 1252 387 1316 curandam
426 1251 638 1316 Clichtoveus
678 1250 791 1337 utique
826 1272 904 1335 prae
946 1247 1066 1311 ceteris
1107 1262 1204 1336 aptus
1246 1263 1328 1329 erat,

208 1350 334 1438 quippe
350 1350 406 1437 qui
417 1349 605 1437 theologiae
622 1347 737 1411 famam
753 1371 820 1410 non
837 1346 1039 1410 mediocrem
1055 1346 1161 1410 luerat
1173 1347 1327 1436 adeptuS,

208 1471 392 1535 omnesque
412 1447 600 1534 'l'heologos
622 1445 689 1508 fere
711 1445 848 1533 legerat.
868 1444 1041 1534 'l'ubingae
1062 1444 1198 1532 quidem
1219 1445 1329 1509 'l'heo-

208 1546 316 1633 logos
334 1545 523 1610 Conradnm
540 1557 572 1607 et
586 1544 669 1619 Dicl,
688 1543 847 1606 Coloniae
864 1555 985 1619 autem,
1010 1542 1195 1606 Gerardum
1217 1542 1327 1621 Elten,

209 1644 486 1731 Lambertumque
524 1642 660 1718 Montis,
698 1640 851 1730 Angliae,
881 1638 1036 1718 Walden,
1070 1639 1208 1718 Galliae,
1247 1641 1329 1707 Ger-

209 1766 337 1818 sonem,
365 1742 513 1829 aliosque
544 1739 664 1803 multos
692 1739 780 1803 citat.
813 1740 858 1801 Ea
883 1751 953 1801 erat
978 1739 1116 1825 insuper
1141 1738 1267 1815 indole,
1295 1753 1330 1803 ut

209 1839 423 1903 rationabiles
448 1838 613 1925 utilesque
639 1836 897 1901 consuetudines
921 1860 999 1923 prae
1020 1836 1123 1899 nimio
1148 1837 1330 1901 novitatum

209 1960 320 1999 amore
336 1961 403 2000 non
419 1935 599 2026 frangeret.

255 2036 381 2122 ltaque,
400 2034 587 2123 'l'heologos
609 2034 649 2097 ad
672 2034 779 2097 sontes
795 2057 878 2120 quos
896 2032 1124 2111 deseruerant,
1143 2033 1271 2097 scilicet
1289 2035 1330 2098 ad

211 2133 419 2218 Scripturam
440 2135 574 2197 Sacram
598 2145 630 2195 et
653 2132 808 2219 antiquos
835 2134 949 2196 Patres
969 2143 1196 2208 revocaturus,
1220 2133 1329 2218 primo

209 2230 358 2317 quidem,
378 2254 419 2292 nc
440 2230 539 2294 nimis
559 2230 752 2294 scolasticos
773 2228 958 2295 offenderet
973 2231 1148 2306 Doctores,
1165 2231 1328 2295 loannem

210 2331 463 2406 Damascenum,
482 2352 542 2415 per
556 2328 700 2392 Fabrum
711 2330 778 2414 jam
794 2350 880 2390 anno
898 2327 981 2389 1507
998 2327 1098 2390 latine
1115 2328 1325 2406 translatum,

209 2426 456 2490 commentariis
481 2425 669 2489 illustravit.
698 2426 774 2508 Qui,
798 2449 871 2488 cum
892 2437 980 2488 esset
997 2424 1198 2489 Scolasticae
1219 2427 1328 2490 Theo-

209 2523 317 2614 logiae
333 2536 426 2611 pater
445 2523 563 2587 merito
583 2523 703 2601 dictus,
727 2536 760 2586 et
779 2523 905 2611 primus
926 2522 1111 2586 doctrinam
1133 2525 1328 2589 catholicam

209 2620 409 2685 aristotelica
425 2621 581 2685 methodo
597 2622 828 2699 coadunasset,
847 2645 864 2684 a
880 2621 1082 2685 Ductoribus
1097 2621 1242 2709 gratiose
1259 2637 1329 2687 erat

209 2719 433 2806 accipiendus.
458 2723 498 2784 Et
521 2719 666 2808 quidem,
690 2719 848 2806 operibus
869 2719 973 2806 ipsius
998 2719 1159 2809 evulgatis
1184 2720 1245 2784 viri
1273 2721 1328 2784 lit·

207 2817 305 2880 terati
344 2841 422 2904 prae
460 2817 582 2906 gaudio
611 2818 823 2904 plauserunt:
859 2817 1041 2880 Rhenanus
1080 2817 1215 2894 etenim,
1249 2818 1328 2882 dum

209 2917 249 2978 30
263 2915 337 3003 julii
359 2916 442 2979 1509
460 2915 732 3005 Hummelbergio
753 2914 910 2978 Alcandri
928 2913 1076 2978 fortunas
1097 2916 1325 2995 annuntiabat,

207 3013 249 3076 de
272 3013 369 3076 bonis
390 3014 556 3101 gaudebat
576 3013 684 3091 libris,
707 3013 828 3101 quibus
856 3014 1033 3100 quotannis
1057 3012 1225 3077 ditabatur
1245 3015 1327 3080 Uni-

206 3111 347 3175 versitas
369 3111 580 3187 ParisiensiS,
604 3138 619 3170 a
639 3135 723 3199 quae
744 3124 793 3174 tot
810 3113 877 3198 jam
894 3111 1036 3174 socculis
1053 3135 1164 3175 carere
1179 3113 1246 3176 visa
1263 3126 1324 3191 est,

207 3229 274 3272 non
291 3209 410 3296 quibus
423 3209 464 3272 ad
477 3208 727 3295 amplexandam
745 3209 902 3297 pictatem
919 3208 1179 3286 inhonorentur,
1198 3210 1256 3273 sed
1270 3212 1326 3298 qui

207 3307 328 3370 cultius
353 3307 451 3393 paulo
473 3305 667 3393 disciplinas
697 3307 881 3370 traderent.
904 3309 1038 3385 Verum,
1068 3308 1192 3393 sospite
1219 3310 1326 3372 Fabro

206 3417 334 3479 nostro,
354 3404 477 3491 optime
489 3429 670 3493 speramus.
689 3404 749 3468 llic
766 3406 855 3468 enim
871 3429 938 3467 non
950 3428 1003 3467 eas
1020 3404 1118 3468 modo
1131 3404 1326 3493 disciplinas

206 3526 290 3590 quas
308 3502 463 3566 liberales
485 3515 614 3579 vocant,
638 3502 695 3566 sed
722 3503 819 3566 etiam
844 3503 949 3590 ipsam
970 3504 996 3565 T
999 3502 1187 3592 heologiam
1210 3527 1326 3590 supre-

207 3624 294 3662 mam
316 3625 374 3664 suo
391 3601 526 3664 candori
546 3601 722 3665 restituere
743 3625 920 3691 aggressus
941 3612 1001 3664 est.
1027 3627 1042 3660 n
1065 3600 1162 3681 Quod
1179 3600 1219 3664 de
1234 3613 1325 3664 textu

206 3698 435 3763 Darnascenia
455 3700 562 3763 Fabro
584 3697 674 3761 edito
695 3698 838 3775 dicebat,
857 3698 944 3762 idem
967 3697 1145 3762 Rhenanus
1170 3697 1211 3761 de
1232 3700 1325 3762 Com·

208 3796 378 3859 mentariis
389 3796 584 3872 Clichtovei,
603 3820 688 3859 anno
700 3798 796 3875 1512,
815 3821 915 3883 quum
931 3799 1117 3883 Nyssenum
1127 3796 1326 3886 Gregorium

207 3893 237 3956 ei
260 3893 422 3971 mittebat,
440 3895 623 3982 repetebat.
644 3920 660 3954 a
678 3894 805 3957 Vellem
822 3907 943 3970 autom,
962 3894 1048 3957 clare
1069 3894 1129 3970 vir,
1148 3894 1269 3971 aiebat,
1291 3906 1327 3956 ut

206 3991 294 4054 sicut
320 3993 559 4056 Damascenum
582 3992 795 4056 celeberrima
818 3992 1021 4056 Parisiorum
1048 3991 1222 4055 Academia
1241 3994 1326 4078 jam-

206 4089 336 4176 pridem
357 4089 593 4168 favorabiliter,
616 4091 659 4153 ita
681 4104 713 4154 et
731 4093 917 4178 Nyssenum
938 4092 1143 4153 Damascene
1160 4090 1326 4177 antiquio-

207 4212 292 4269 rem,
328 4188 463 4252 minime
496 4189 685 4278 neglectum
717 4189 866 4252 haberet.
904 4188 1042 4251 Disccnt
1075 4188 1153 4251 hinc
1185 4187 1324 4252 studiosi

243 4386 268 4435 1.
290 4386 329 4434 De
345 4382 424 4434 varia
438 4383 603 4435 Aristotelis
616 4385 743 4452 fortuna,
758 4403 784 4453 p.
801 4386 844 4436 92.

242 4457 268 4506 2.
290 4454 320 4506 C.
345 4453 472 4514 Schmidt,
497 4454 622 4506 Histoire
645 4453 699 4506 litt.
725 4453 760 4506 de
776 4453 909 4514 l'Alsncc,
932 4455 953 4510 l.
975 4474 1001 4524 p.
1024 4457 1084 4506 126.
1104 4454 1326 4524 Wimphelingius

204 4527 276 4578 idem
291 4525 322 4577 de
336 4525 475 4594 Theologia
485 4527 538 4576 lere
551 4526 683 4579 sentiebat.
696 4533 721 4576 et
734 4526 866 4594 mysticam
876 4544 935 4576 cum
948 4508 1100 4596 dpeculativa
1109 4533 1135 4577 et
1144 4527 1254 4595 practica
1265 4527 1325 4596 jun-

204 4597 291 4667 gebat.
309 4597 344 4648 At
359 4597 439 4665 magis
453 4597 598 4664 ignoscebat
612 4597 755 4648 scolasticis.
