3074 5422
801 476 960 536 ..94-

323 625 461 703 propter
482 612 690 700 suspiciones
714 612 745 674 in
773 612 894 698 quibus
912 613 979 696 jarn
1007 609 1181 687 inciderat,
1206 608 1289 672 nihil
1316 608 1385 671 sere
1407 631 1448 671 ex

325 711 470 799 mysticis
485 709 655 797 operibus,
679 709 742 772 nisi
760 709 947 793 Baynzuadr'
960 709 1063 770 Lallr'i
1080 732 1192 794 opere,
1216 718 1351 794 petente
1372 705 1449 793 qui·

325 811 399 874 dem
422 808 594 895 Alphonso
615 807 812 894 dragoniac,
843 807 1168 892 Caesaraugustam
1194 804 1336 868 civitatis
1357 803 1449 890 cpis-

324 931 421 994 copo,
446 919 478 968 ct
503 904 680 968 auxiliante
702 904 841 978 anillo,
868 916 899 966 et
922 904 1051 990 :lgurrcs
1071 905 1260 987 Martyrum
1281 901 1450 989 Gestaqae

326 1006 554 1093 Confessarnm
577 1027 637 1090 pro
658 1002 813 1066 lanuario
833 1014 865 1064 ct
884 1002 1066 1064 Februario
1087 999 1203 1075 edidit,
1226 1000 1285 1063 sed
1305 998 1449 1062 maxime

324 1101 493 1166 vertendis
515 1100 725 1164 aristotelicis
753 1100 910 1187 operibus
931 1098 1170 1186 vulgandisque
1195 1096 1357 1161 incubuit.
1384 1099 1447 1160 Ro-

326 1201 421 1264 berto
434 1198 566 1287 quidem
579 1201 603 1262 F
606 1210 771 1274 ortunato,
785 1196 917 1286 collegii
936 1196 1080 1260 Plessaei
1094 1195 1180 1259 sacto
1191 1194 1367 1283 provisori,
1381 1196 1448 1260 Me-

327 1299 533 1386 tapltysieam
544 1296 731 1360 Aristotelis
743 1322 758 1359 a
771 1295 968 1358 Bessarione
977 1294 1161 1358 traductam
1175 1308 1207 1357 et
1218 1318 1234 1357 a
1245 1292 1323 1357 Pico
1335 1292 1376 1356 de
1387 1292 1449 1356 Mi·

326 1395 463 1460 randula
480 1408 659 1482 acceptam,
679 1395 734 1457 l-'ra
755 1392 954 1480 septembris
972 1395 1068 1469 1515,
1088 1390 1268 1455 dedicavit:
1283 1402 1352 1454 tres
1368 1390 1449 1454 item

327 1494 496 1557 versiones
511 1490 542 1554 X
555 1493 714 1555 librorum
735 1492 916 1554 Moralium
938 1490 1127 1553 Aristotelis
1146 1489 1265 1553 loanni
1284 1487 1448 1565 Rclliaco‚

328 1589 560 1679 Andegavensi
570 1590 740 1677 episcopo,
754 1591 921 1653 Germano
934 1591 1084 1677 Ganayo,
1101 1586 1295 1650 Belvacensi
1306 1585 1448 1662 decan0,

329 1702 361 1753 ct
387 1688 521 1752 Bbdaeo
553 1688 673 1751 obtulit
696 1689 747 1773 (ll)
778 1686 892 1773 aprilis
918 1686 1034 1771 15111);
1069 1685 1287 1749 Geometriam
1314 1683 1450 1748 tandem

330 1787 490 1863 Eua-lias,
514 1809 610 1873 quam
632 1809 718 1848 anno
739 1785 835 1860 1511,
859 1809 931 1847 cum
956 1785 996 1847 G.
1021 1783 1273 1858 Briconnetum,
1294 1782 1449 1847 Narbon·

330 1908 465 1947 ncnscm
500 1882 805 1970 archiepiscopum,
842 1881 910 1945 sere
949 1881 1144 1945 morientem
1181 1880 1348 1958 visitabat,
1382 1882 1449 1965 jam

329 1981 480 2045 editurus
495 1992 577 2058 erat,
596 1979 742 2068 perfeeto
758 1979 934 2067 complevit
948 2006 955 2056 ;
977 1978 1141 2065 expletam
1157 2002 1290 2066 quoque
1307 1977 1450 2062 Physic-

330 2084 450 2168 logr'am
480 2077 682 2156 Aristotelis,
709 2102 795 2141 anno
822 2077 889 2140 lere
915 2078 1011 2154 1515,
1032 2076 1171 2142 Vatablo
1204 2073 1449 2139 terminandam

331 2176 508 2254 commisit,
534 2200 550 2238 a
574 2200 652 2263 quo,
676 2200 750 2239 cum
771 2175 875 2238 redux
894 2187 981 2238 essct
1004 2174 1173 2238 Avenione
1191 2198 1277 2238 anno
1294 2174 1394 2252 1518,
1417 2171 1450 2236 in

330 2276 437 2338 lucem
459 2273 519 2336 luit
539 2274 670 2337 emissa.

375 2372 483 2436 Fabro
498 2372 596 2434 etiam
610 2373 762 2458 jubente,
786 2371 997 2436 Clichtoveus
1018 2369 1264 2434 commentariis
1279 2368 1448 2432 Introduc·

332 2474 434 2534 tiones
453 2471 558 2533 Fata
572 2475 605 2532 ia
621 2470 722 2533 libros
738 2469 1100 2546 PoliticosAristotelr'S,
1123 2480 1156 2531 et
1171 2466 1449 2531 Iatrcdaetoriam

332 2572 576 2631 astronomicae
596 2566 779 2645 adornavit,
798 2591 881 2654 quae
898 2567 1009 2630 multis
1024 2565 1278 2653 exquisitisque,
1296 2564 1364 2627 sive
1377 2586 1449 2626 ver-

333 2665 458 2742 siculis,
487 2665 553 2728 sive
579 2665 752 2728 sententiis
774 2665 906 2753 sparsit.
933 2667 1024 2729 'l'unc
1044 2663 1216 2750 temporis,
1241 2675 1278 2726 ut
1299 2675 1393 2749 patet
1413 2684 1450 2724 cx

333 2762 456 2828 Codice
476 2763 676 2841 lllazarineo,
698 2775 767 2826 tum
789 2762 909 2826 librum
926 2762 975 2825 De
996 2763 1065 2825 Vita
1075 2761 1357 2850 pbilosophorum,
1381 2771 1449 2822 tum

333 2873 448 2948 poetas
477 2860 697 2938 Christianos,
728 2861 917 2941 Aratorem,
947 2862 1138 2936 ereacum,
1166 2860 1309 2922 Probum
1332 2859 1449 2921 Falco-

334 2964 438 3038 m'am,
473 2958 513 3021 ab
547 2957 632 3021 Aldo
668 2959 817 3022 Manutio
850 2983 955 3046 nuper
987 2957 1076 3045 typis
1113 2956 1297 3033 mandatoS,
1327 2966 1451 3018 attente

335 3056 426 3145 legit.
450 3058 637 3133 Praeterea,
661 3056 824 3120 Guillardi
845 3057 976 3143 patroni
998 3079 1135 3132 memor,
1157 3054 1206 3118 De
1221 3055 1319 3118 laude
1335 3055 1370 3117 S.
1389 3053 1450 3115 La·

334 3156 441 3217 dorici
462 3168 492 3216 el
515 3155 547 3217 S.
580 3155 750 3235 Caeciliae,
783 3179 845 3241 ope
874 3154 1024 3217 codicum
1053 3152 1335 3230 Cluniacensium,
1363 3174 1451 3214 com-

335 3251 446 3339 posuit
462 3250 668 3338 opuseulum,
692 3253 793 3340 quod,
821 3253 873 3315 '10⁸
890 3251 1033 3339 januarii
1055 3253 1152 3328 1517,
1176 3249 1342 3314 Ludovico
1363 3247 1454 3313 Guil-

335 3349 428 3412 lardo
445 3349 589 3439 gratiose
605 3350 736 3413 obtulit.

380 3448 423 3510 At
438 3446 651 3533 praecipuum
673 3447 777 3534 ipsius
793 3472 876 3535 opus
897 3447 958 3510 suit
974 3448 1250 3527 Elacr'datoriam,
1274 3469 1332 3509 seu
1353 3444 1453 3533 expli·

336 3544 422 3607 catio
443 3543 605 3630 quaedam
621 3544 792 3624 historica,
815 3545 1029 3633 philologica,
1047 3543 1235 3633 prosodica,
1255 3543 1409 3607 litteralis
1423 3553 1455 3606 et

337 3641 531 3728 spiritualiS,
562 3642 774 3729 hymnorum,
797 3643 1012 3720 canticorum,
1035 3666 1221 3730 prosarum,
1249 3640 1455 3704 bencdictio-

338 3764 415 3802 num
437 3739 604 3830 liturgiae
628 3764 751 3803 sacrae.
771 3744 839 3804 lloc
864 3741 1048 3828 rescripsit,
1075 3752 1151 3827 post
1171 3739 1287 3826 longas
1311 3739 1456 3802 haesita-

337 3837 457 3913 tiones,
477 3849 512 3899 ut
528 3851 688 3901 annueret
707 3839 863 3925 precibus
880 3838 1063 3902 Gozthonis
1080 3837 1121 3901 de
1140 3837 1283 3915 Zelestb,
1306 3837 1456 3923 episcopi

337 3934 478 3998 lauriaci
495 3934 526 3998 in
548 3936 730 4013 Pannonia,
749 3961 847 4023 quem
864 3948 1033 3999 moverant
1053 3935 1262 3999 diversitates
1278 3945 1310 3998 et
1326 3934 1455 3998 adulte·

337 4032 482 4095 rationes
520 4033 727 4119 publicarum
761 4058 908 4121 precum,
945 4058 1025 4121 quas
1056 4034 1142 4097 inter
1174 4031 1456 4121 peregrinandum

338 4131 529 4194 innumeras
572 4131 859 4195 animadverterat.
906 4131 1003 4212 Quod
1036 4133 1300 4196 Elueidatoriam
1340 4129 1457 4218 utique

338 4227 530 4291 Clichtoveo
547 4253 666 4316 magno
683 4228 744 4293 suit
760 4229 879 4293 honori
897 4255 903 4292 :
918 4253 1004 4292 anno
1017 4229 1105 4292 enim
1122 4226 1288 4316 sequenti,
1307 4227 1456 4291 Basileae

337 4349 396 4412 per
426 4325 621 4412 Capitonem
654 4340 686 4390 ct
712 4339 827 4413 postea
852 4351 949 4415 saepe
976 4326 1107 4413 saepius
1134 4325 1195 4388 suit
1218 4323 1366 4388 editum:
1399 4323 1455 4388 sed

337 4422 434 4485 ctiam
458 4422 605 4510 ejusdem
634 4424 809 4487 occasione
834 4449 968 4515 magnas
989 4448 1105 4511 passus
1124 4436 1174 4487 est
1199 4423 1450 4487 controversias.

337 4522 428 4583 Duos
462 4520 548 4584 enim
571 4521 752 4585 versiculos
773 4547 889 4609 prosae
916 4524 1070 4586 Earrltet:
1099 4524 1126 4586 Ο
1154 4519 1232 4584 selix
1259 4519 1398 4608 culpa...
1425 4521 1450 4582 O

337 4631 427 4681 certe
461 4620 726 4684 necessarium...
757 4619 935 4684 declaravit
963 4618 1231 4708 supprimendus.
1265 4621 1354 4682 Haec
1376 4641 1449 4706 sup·
