3074 5422
795 444 973 505 -116-

361 581 506 638 Ceterum
535 585 569 637 ut
591 578 665 636 haec
690 578 792 637 omnia
817 585 848 636 et
870 576 1065 657 reliquaque
1093 577 1317 639 subnectentur
1337 578 1441 638 debite

320 668 545 748 compleantur,
574 667 731 726 constituo
753 674 938 727 executores
962 666 1055 744 hujus
1080 668 1139 726 mei
1165 668 1341 728 testamenti
1364 667 1443 727 duos

320 756 504 839 spectabiles
520 763 549 815 et
566 756 808 836 circumspectos
825 756 909 814 viros
926 756 1108 834 magistrum
1129 756 1312 817 Medardum
1333 756 1443 815 Thier-

321 846 412 918 sault,
430 846 613 905 canonicum
629 844 850 904 Carnotensem
867 866 902 904 ac
916 844 1079 904 officialem
1095 846 1258 905 reverendi
1272 847 1303 905 in
1316 845 1442 905 Christo

321 935 419 1016 patris
439 934 575 1015 episcopi
601 934 810 1006 Carnotensis,
837 941 869 992 et
894 933 1075 1010 magistrum
1100 934 1272 994 lohannem
1299 935 1440 1007 Lefbvre‚

321 1025 413 1085 etiam
430 1024 612 1083 canonicum
630 1023 757 1103 insignis
770 1022 898 1082 ecclesie
910 1021 1315 1084 cathedralisBeate-Marie
1327 1024 1443 1083 Carno-

322 1115 426 1186 tensis,
449 1120 481 1172 et
504 1133 610 1172 eorum
633 1112 801 1191 quemlibet
825 1113 855 1170 in
876 1110 1027 1171 solidum:
1049 1110 1171 1192 quibus,
1194 1134 1232 1172 ne
1255 1113 1350 1172 nimio
1376 1134 1444 1193 gra-

321 1210 436 1262 ventur
459 1222 553 1261 onere
578 1201 670 1280 hujus
693 1201 894 1273 executionis,
924 1221 1018 1259 unum
1048 1200 1177 1280 designo
1208 1202 1387 1262 consocium
1412 1210 1444 1262 et

322 1291 547 1370 coadjutorem,
573 1296 681 1370 utpote
701 1290 883 1368 magistrum
905 1289 1057 1348 Renatum
1083 1289 1218 1360 Leclerc,
1238 1291 1328 1350 etiam
1351 1312 1445 1351 cano-

323 1381 426 1440 nicum
445 1379 678 1451 Carnotenscm,
701 1379 827 1458 antiqua
843 1379 937 1439 michi
953 1377 1160 1438 familiaritate
1175 1380 1267 1439 etiam
1283 1380 1366 1460 apud
1384 1380 1444 1440 Pa-

323 1470 413 1529 risios
436 1468 735 1548 conjunctissimum,
760 1469 813 1548 qui
834 1468 947 1527 ceteris
970 1467 1092 1526 duobus
1115 1469 1338 1548 prenominatis
1365 1469 1444 1531 feret

323 1559 480 1639 suppetias
499 1558 529 1614 in
554 1557 613 1615 hoc
635 1557 776 1634 negocio.
806 1557 843 1616 Et
862 1557 893 1615 in
916 1557 1199 1636 compensationem
1220 1557 1361 1618 laborum
1387 1580 1445 1640 pro

324 1647 505 1708 executione
536 1645 630 1725 hujus
653 1645 832 1704 testamenti
859 1645 1137 1726 suscipiendorum,
1164 1646 1290 1727 designo
1314 1647 1445 1707 cuilibet

324 1737 435 1796 horum
451 1736 545 1794 trium
560 1733 770 1814 predictorum
787 1734 892 1794 decem
910 1733 1002 1792 libras
1018 1742 1200 1794 turonenses
1217 1756 1293 1815 quas
1313 1758 1351 1795 cx
1367 1738 1444 1796 meis

325 1827 412 1885 bonis
435 1824 588 1904 accipiant
611 1823 650 1882 ad
677 1843 766 1882 suum
790 1844 891 1894 usum,
919 1823 1105 1903 eosdemque
1125 1844 1232 1884 omnes
1254 1833 1285 1886 et
1304 1825 1445 1905 singulos

325 1913 508 1994 suppliciter
522 1932 627 1984 ex0r0,
652 1919 685 1970 ut
708 1932 769 1971 non
787 1919 930 1972 recusent
950 1912 1027 1970 hanc
1047 1913 1237 1972 executionis
1251 1915 1444 1994 provinciam

325 2003 492 2081 suscipere,
511 2000 657 2080 quoniam
676 2000 777 2060 nullos
793 2001 843 2060 hic
858 1999 956 2060 habeo
967 2009 1116 2079 cognatos
1132 2009 1185 2062 aut
1200 2005 1446 2084 consanguineos

325 2091 438 2173 quihus
454 2090 535 2149 illam
552 2110 673 2170 possem
689 2111 793 2149 curam
817 2089 1022 2162 committere,
1043 2090 1096 2149 sed
1111 2111 1223 2170 magno
1242 2092 1382 2152 locorum
1398 2093 1446 2151 in-

326 2179 456 2241 tervallo
480 2178 597 2237 abillis
620 2178 807 2259 disseparor.
829 2179 1001 2259 Impensius
1021 2179 1118 2258 igitur
1136 2200 1231 2239 exoro
1252 2188 1296 2254 ut,
1320 2181 1444 2241 illorum

325 2290 464 2329 meorum
490 2274 691 2347 cognatorum
717 2268 795 2337 vice,
826 2269 995 2346 fungantur
1022 2269 1124 2328 officio
1153 2270 1360 2350 prenominati
1384 2271 1447 2330 mei

326 2365 508 2419 executores
527 2357 557 2415 in
578 2357 637 2415 hoc
657 2357 793 2436 presenti
811 2357 937 2436 negotio
953 2363 983 2415 et
1004 2357 1196 2430 ministerio;
1224 2360 1262 2418 ad
1284 2359 1369 2440 quod
1387 2360 1447 2421 rite

326 2447 534 2529 peragendum
551 2453 661 2504 curent
678 2446 735 2525 ipsi
752 2445 858 2505 sedulo
879 2453 975 2505 totam
994 2467 1091 2505 meam
1111 2447 1367 2528 suppellectilem,
1385 2470 1446 2529 que

326 2539 406 2618 apud
424 2537 594 2595 Carnotum
612 2542 659 2594 est
674 2535 805 2615 reposita
822 2535 851 2593 in
868 2555 987 2594 camera
1003 2556 1069 2594 mea
1085 2543 1116 2595 et
1136 2535 1332 2610 bibliotheca,
1351 2539 1445 2597 vendi

328 2625 496 2685 secundum
522 2625 616 2682 ritum
639 2632 670 2683 et
693 2645 811 2683 morem
835 2631 1028 2696 consuetum,
1053 2625 1171 2684 scilicet
1194 2633 1306 2699 vesteS,
1333 2625 1442 2701 libros

326 2714 434 2783 lectos,
454 2714 589 2782 lecticas,
607 2734 738 2785 mensaS,
755 2734 840 2772 arcas
855 2720 886 2771 et
903 2720 1004 2772 cetera
1022 2713 1060 2772 ad
1075 2714 1275 2794 supellectilis
1291 2717 1443 2776 rationem

328 2803 523 2885 pertinentia,
542 2810 573 2861 et
588 2823 626 2861 ex
640 2803 697 2861 hac
712 2802 890 2861 venditione
906 2801 1053 2880 colligant
1063 2804 1223 2882 pecuniam
1240 2805 1443 2885 completioni

328 2894 419 2974 hujus
436 2891 610 2952 testamenti
630 2892 830 2950 necessariam
855 2899 886 2950 et
905 2890 1126 2969 coadjutricem
1150 2893 1279 2972 pecunie
1299 2901 1444 2975 prompte

327 2991 419 3063 atquc
435 2987 594 3041 numerate
610 3000 669 3059 que
685 2981 766 3060 apud
782 3000 830 3038 me
848 2980 895 3061 (ut
910 2982 989 3060 reor)
1011 2987 1086 3039 tunc
1104 2981 1290 3044 invenietur.
1315 2982 1348 3040 Si
1368 2983 1443 3062 quid

327 3092 412 3144 vero,
429 3069 564 3129 venditis
579 3069 723 3128 omnibus
742 3070 817 3127 meis
837 3070 928 3128 rebus
943 3078 974 3129 et
991 3069 1147 3149 completo
1163 3071 1285 3150 penitus
1305 3071 1365 3130 hoc
1384 3078 1444 3132 tes-

328 3167 476 3231 tamento,
494 3158 681 3238 superfuerit
703 3158 832 3238 pecunie
852 3158 981 3218 collecte
1005 3180 1042 3218 ex
1060 3158 1239 3238 hujusmodi
1264 3160 1444 3221 venditione

328 3248 528 3329 supellectilis
551 3268 629 3320 mee,
649 3247 681 3305 id
704 3254 804 3306 totum
827 3255 1000 3328 exponatur
1018 3247 1048 3305 in
1069 3247 1136 3327 pios
1156 3270 1229 3308 usus
1252 3248 1290 3308 ad
1313 3249 1443 3310 salutem

327 3341 427 3398 anime
442 3358 520 3410 mee,
541 3344 575 3395 ut
590 3337 620 3395 in
641 3336 832 3417 elemosynas
854 3337 1040 3417 pauperibus
1062 3338 1232 3416 erogandas
1255 3346 1285 3397 et
1307 3339 1444 3398 celebra-

327 3430 426 3488 tiones
440 3427 602 3485 missarum
619 3433 649 3484 et
666 3433 768 3485 cetera
784 3426 961 3505 hujusmodi
982 3426 1104 3506 pietatis
1120 3447 1223 3506 opera,
1248 3427 1443 3506 refrigerium

327 3517 480 3578 defunctis
496 3515 675 3596 prestantia.
693 3515 781 3583 Quod
795 3516 819 3573 si
835 3516 1001 3595 contigerit
1014 3515 1073 3574 alio
1088 3516 1118 3574 in
1130 3515 1200 3575 loco
1212 3537 1303 3597 quam
1316 3517 1444 3576 Carnoti

325 3609 420 3666 vitam
437 3605 534 3678 finire,
553 3625 686 3685 exposco
703 3611 775 3663 tunc
791 3626 903 3685 corpus
914 3625 1015 3663 meum
1026 3611 1182 3664 mortuum
1196 3606 1356 3665 transferri
1369 3606 1444 3666 Car-

325 3705 444 3767 notum,
464 3694 632 3752 dummodo
647 3693 678 3750 id
694 3694 855 3753 commode
873 3695 939 3752 fieri
950 3693 1075 3774 poterit,
1094 3715 1186 3774 opera
1202 3715 1307 3753 eorum
1320 3696 1373 3774 qui
1389 3696 1443 3753 mi-

326 3786 375 3844 chi
394 3790 485 3844 erunt
507 3783 635 3841 comites
657 3782 776 3841 itineris
798 3790 829 3842 ct
848 3782 970 3862 sepeliri
993 3782 1119 3841 Carnoti
1139 3783 1170 3841 in
1193 3782 1288 3842 choro
1303 3783 1443 3863 predicte

324 3873 452 3935 ecclesie
467 3871 721 3942 Sancti-Andrce,
739 3871 911 3930 observatis
924 3872 1043 3949 integre
1059 3871 1202 3930 omnibus
1225 3872 1390 3932 antedictis
1405 3873 1443 3932 de

325 3984 436 4044 pompa
458 3961 579 4020 funebri
599 3968 630 4020 et
649 3960 786 4039 exequiis
809 3982 843 4019 ac
865 3962 890 4019 si
913 3960 1039 4019 Carnoti
1059 3959 1140 4019 diem
1164 3969 1336 4020 extremum
1361 3962 1442 4020 clau-

323 4054 440 4125 sissem,
459 4058 490 4110 et
510 4071 565 4131 per
586 4049 711 4108 cosdem
726 4070 811 4108 meos
829 4057 1010 4109 executores
1032 4049 1095 4128 jam
1117 4051 1258 4129 superius
1279 4071 1441 4131 expressos

323 4150 353 4201 et
369 4141 549 4200 nominatim
565 4139 753 4217 designatos

362 4230 505 4289 Preterea
526 4228 669 4287 servitori
691 4235 806 4287 meoet
829 4228 945 4287 famulo
964 4228 1164 4300 cubiculario,
1188 4249 1278 4307 quem
1299 4234 1440 4308 tempore

321 4320 425 4378 obitus
440 4319 499 4376 mei
520 4318 656 4377 habuero
679 4338 800 4376 mecum
822 4317 1011 4375 habitantem
1032 4317 1187 4396 michique
1203 4317 1233 4374 in
1249 4337 1370 4376 camera
1385 4318 1439 4375 mi-

320 4410 514 4479 nistrantem,
533 4407 684 4486 relinquo,
703 4407 732 4464 in
750 4406 994 4484 recognitionem
1010 4405 1149 4485 obsequii
1169 4406 1254 4486 prius
1273 4405 1365 4465 michi
1384 4407 1439 4464 im-

320 4499 417 4578 pensi,
429 4518 485 4577 pro
497 4497 579 4555 dono
592 4496 738 4575 gratuito,
753 4495 916 4554 duodecim
933 4494 1024 4554 libras
1038 4503 1231 4569 turonenses,
1250 4495 1331 4554 ultra
1347 4494 1436 4554 salla·

319 4588 399 4647 rium
414 4594 597 4646 consuetum
612 4585 656 4644 illi
672 4607 727 4665 per
741 4606 789 4643 me
805 4584 885 4643 tradi
905 4585 1041 4658 solitum,
1065 4584 1102 4644 de
1117 4606 1179 4664 quo
1194 4585 1219 4644 si
1234 4585 1392 4680 quippiam
1408 4584 1435 4644 ei
