3074 5422
689 423 848 485 ..99-

203 559 317 623 martis
340 560 438 634 1526,
471 558 568 621 etiam
591 556 679 620 Beda
708 557 891 633 monente¹,
915 557 1060 643 seipsum
1093 559 1323 647 impugnatum

202 679 385 746 agnoscere
401 657 464 718 hoc
492 656 525 718 in
545 655 618 718 loeo
642 655 710 718 lere
731 656 916 718 recusabat.
937 681 952 715 a
975 655 1096 718 Locum
1113 680 1210 743 quem
1232 680 1325 719 eom-

200 768 369 818 monstras
385 754 418 817 in
439 754 535 816 libris
556 753 741 816 Clichtovei
769 753 897 816 etiamsi
924 753 1044 816 millies
1073 753 1230 844 legissem
1259 779 1325 818 non

196 851 403 938 judicassem
433 851 473 914 ad
499 875 550 914 me
570 851 751 938 pertinere,
777 849 858 913 adeo
875 850 958 913 nihil
985 864 1036 914 est
1056 851 1125 914 illic
1142 851 1230 938 quod
1258 877 1323 916 nou

202 949 307 1039 longe
323 949 410 1013 absit
426 973 441 1011 a
459 973 529 1011 mea
550 949 770 1011 consciencia.
791 949 831 1011 Et
851 972 1040 1036 quanquam
1058 948 1118 1011 hae
1139 950 1172 1012 in
1189 974 1225 1012 re
1243 950 1325 1014 mihi

203 1070 270 1110 non
288 1072 323 1110 es
339 1047 419 1110 levis
441 1047 559 1109 author
580 1047 687 1132 utqui
709 1045 868 1108 scribenti
890 1046 991 1120 adsis,
1009 1058 1117 1110 tamen
1141 1047 1195 1110 vix
1223 1046 1323 1111 addu·

201 1169 261 1208 cor
282 1158 317 1207 ut
333 1144 465 1208 credam
487 1144 580 1206 illum
601 1143 677 1206 talia
696 1143 726 1205 in
751 1168 801 1205 me
818 1144 968 1220 torsisse,
987 1155 1018 1205 et
1035 1144 1060 1207 si
1076 1145 1186 1217 torsit,
1205 1168 1324 1232 precor

201 1242 251 1305 illi
273 1255 418 1306 mentem
435 1266 518 1329 quae
539 1242 678 1329 propius
695 1241 780 1303 absit
800 1265 815 1303 a
837 1241 1016 1304 sobrietate
1037 1243 1228 1306 christiana.
1255 1246 1324 1333 Ego

203 1340 329 1403 illicne
347 1340 505 1427 syllabam
523 1338 658 1427 quidem
675 1338 715 1402 ad
731 1363 783 1402 me
803 1339 971 1426 pertinere
988 1353 1080 1426 puto.
1106 1367 1122 1400 »

249 1438 340 1501 ldem
357 1438 447 1501 Beda
468 1438 532 1524 ipsi
552 1438 671 1501 alteras
700 1437 733 1499 in
759 1438 1018 1525 Propugnaeulo
1041 1437 1235 1502 inserendas
1258 1440 1324 1503 ani-

203 1536 451 1599 madversiones
472 1537 520 1622 (11
541 1549 605 1599 oct.
631 1535 726 1620 1526)
746 1535 1060 1623 praenuntiaverat:
1080 1563 1096 1598 a
1125 1535 1199 1600 hlio
1216 1550 1324 1601 autem

204 1658 263 1697 suo
285 1634 411 1720 scripto
427 1632 516 1721 quod
538 1657 709 1720 speramus
740 1646 815 1696 ante
838 1632 996 1696 februarii
1025 1635 1148 1698 mensis
1167 1635 1326 1699 kalendas

205 1744 397 1795 exacturum
419 1756 488 1794 rem
504 1731 646 1821 attinget
662 1730 867 1795 enucleatius
888 1755 924 1794 ea
944 1744 1055 1795 tamen
1080 1732 1240 1796 modestia
1262 1758 1325 1822 qua

206 1830 254 1892 uti
279 1831 396 1894 solitus
426 1842 525 1893 est.»
560 1831 600 1893 Et
633 1853 745 1892 revera
776 1829 939 1892 violenter
972 1829 1184 1895 Clichtoveus
1210 1845 1326 1896 eontra

205 1930 400 1992 Eaeomium
415 1932 630 2007 matrimonii,
654 1928 739 1991 utin
760 1928 867 2015 capite
884 1929 916 1990 2⁰
927 1927 1080 2006 vidimus,
1101 1928 1325 1994 debacchatus

207 2045 266 2090 est.
295 2026 457 2090 Similiter
484 2027 518 2090 in
543 2029 574 2088 3a
600 2039 693 2113 parte
722 2027 972 2113 Propugnueuli
1000 2026 1094 2090 valde
1121 2026 1255 2091 dolebat
1284 2028 1326 2091 de

205 2125 288 2188 tanti
318 2124 444 2215 ingenii
474 2124 713 2212 perversione:
737 2151 753 2185 a
785 2125 827 2188 Ut
857 2124 912 2211 qui
942 2123 1173 2188 dexteritatem
1199 2125 1325 2213 ingenii

207 2222 310 2308 ipsius
352 2235 450 2309 atque
472 2221 662 2285 felicitatem
696 2221 851 2285 demirari
885 2222 1063 2309 plurimum
1097 2223 1160 2286 sim
1208 2224 1325 2287 solitus

207 2341 337 2383 necnon
358 2320 514 2383 dictionis
536 2321 568 2383 in
580 2320 696 2383 eodem
709 2319 906 2406 elegantiam
932 2321 1198 2410 uberrimamque
1215 2322 1326 2386 secun-

207 2417 342 2482 ditatem
380 2442 454 2481 cum
485 2418 676 2482 suavissima
704 2416 860 2481 facilitate
897 2419 1066 2505 suspicere
1100 2433 1132 2483 et
1161 2444 1326 2484 commen-

207 2515 283 2579 dare
305 2540 437 2603 semper
453 2517 691 2580 consueverim.
715 2519 836 2582 Verum
858 2529 1013 2603 optarent
1044 2518 1231 2606 complures
1258 2520 1326 2583 acri

202 2613 329 2700 judicic
355 2626 387 2677 et
411 2614 599 2678 eruditione
620 2614 762 2701 praediti
781 2614 854 2692 viri,
885 2628 1010 2678 tantam
1034 2615 1222 2703 inscriptis
1254 2620 1325 2704 ejus

207 2712 362 2798 pietatem
390 2712 563 2802 religionis
602 2709 802 2775 christianae
835 2711 1057 2801 affectumque
1090 2713 1256 2777 sincerum
1291 2715 1325 2778 in

205 2809 294 2873 illam
325 2810 552 2898 adaugendam
586 2823 742 2899 quantam
772 2810 805 2873 in
845 2810 911 2874 illis
931 2811 1142 2898 eloquentiae
1157 2811 1206 2875 vis
1222 2826 1255 2876 et
1270 2837 1326 2877 ve·

206 2920 319 2971 nustas
336 2907 499 2971 sermonis
516 2908 624 2971 elucet
648 2936 676 2970 ».

249 3007 355 3070 Iratus
383 3019 433 3069 est
458 3006 671 3069 vehementer
704 3009 872 3084 Erasmus,
895 3006 1138 3096 ingemuitque,
1163 3012 1179 3070 7
1212 3010 1326 3073 martis

207 3103 305 3182 1531,
323 3103 414 3191 quod
435 3103 532 3166 simul
558 3128 574 3166 a
596 3104 792 3167 Lutheranis
813 3116 878 3167 eta
899 3104 1081 3168 Catholicis
1101 3106 1326 3193 impetebatur

206 3214 237 3264 et
257 3202 292 3265 in
307 3201 449 3290 quadam
475 3200 632 3288 epistola²
654 3201 827 3289 respondit
844 3214 915 3265 tum
930 3201 1091 3288 quaedam
1112 3204 1323 3292 explicando,

205 3311 273 3363 tum
305 3299 484 3363 asserendo
518 3323 552 3362 se
579 3323 645 3362 non
672 3299 758 3363 serio
778 3300 985 3388 theologum,
1009 3312 1040 3362 at
1067 3301 1325 3366 declamatorem

206 3398 328 3488 egisse,
363 3396 396 3460 id
427 3410 489 3474 est,
519 3396 680 3484 quaedam
705 3397 919 3485 proposuisse
954 3421 1018 3460 non
1050 3397 1243 3463 definiendo
1269 3401 1327 3482 sed

241 3595 265 3644 1.
288 3591 357 3644 Beda
371 3591 477 3662 quidem
492 3591 628 3643 Erasmum
636 3594 662 3643 in
678 3592 857 3645 Clichtoveum
870 3593 1000 3651 incitabat,
1012 3601 1041 3645 ut
1056 3594 1109 3664 ipse
1127 3595 1324 3648 animadvertit:

204 3664 344 3733 Prologus
360 3665 389 3715 in
408 3664 642 3737 Supputatioues.
667 3689 677 3708 κ
702 3664 858 3735 Scripseram
876 3665 907 3715 ad
928 3665 1002 3716 illum
1016 3666 1086 3735 quod
1110 3666 1253 3719 Clichtovei
1267 3687 1325 3719 mo-

205 3735 312 3787 destiam
329 3754 431 3805 semper
450 3736 609 3792 amavissem,
633 3754 693 3786 eum
708 3744 793 3787 tamen
812 3736 911 3787 civilius
932 3743 1050 3788 acturum
1067 3738 1142 3790 luisse
1159 3740 1180 3789 si
1203 3739 1235 3790 de
1261 3739 1325 3790 Dio-

205 3807 278 3876 nysio
289 3825 349 3858 cum
364 3807 435 3858 Valla
449 3807 608 3877 disputasset,
623 3807 693 3877 quod
707 3815 772 3859 esset
792 3809 886 3859 author
905 3808 982 3878 hujus
1001 3810 1142 3860 sententiae
1163 3812 1326 3881 potiusquam

205 3897 317 3930 mecum.
340 3878 394 3929 Hoc
409 3885 496 3929 tamen
511 3897 551 3929 mc
566 3879 626 3928 boni
647 3880 779 3930 consulere
796 3879 865 3948 quod
880 3898 920 3930 res
940 3899 991 3930 non
1006 3888 1070 3931 essct
1089 3883 1176 3950 magni
1189 3883 1324 3935 momenti.

206 3949 384 4018 Hicgeminus
398 3949 472 4000 dolor
487 3951 555 4020 cepit
577 3951 694 4001 animum
715 3950 814 4002 Bcddae
829 3959 854 4001 et
875 3951 944 4020 quod
967 3951 1032 4002 bene
1053 3953 1164 4003 sentiens
1190 3953 1222 4005 de
1236 3953 1325 4005 Clich-

205 4028 279 4072 toveo
295 4028 321 4071 et
342 4021 411 4090 quod
426 4022 479 4090 ipse
499 4039 611 4072 carerem
627 4041 702 4073 sensu
724 4021 819 4073 doloris
839 4041 918 4091 quem
941 4022 983 4073 illc
998 4023 1148 4092 impegerat.
1166 4023 1227 4076 Mor
1248 4026 1327 4076 homo

205 4092 327 4144 candidus
342 4093 453 4144 ostendit
468 4092 573 4150 librum,
585 4101 672 4163 eaput,
683 4101 708 4145 et
718 4112 857 4144 numerum
867 4112 919 4163 quo
928 4113 1008 4144 essem
1021 4101 1129 4146 attactus
1139 4115 1152 4147 a
1165 4095 1323 4157 Clichtoveo‚

206 4164 259 4215 sine
279 4165 383 4214 nominc
407 4164 522 4233 quidem,
547 4182 579 4214 nc
598 4165 646 4215 hoc
672 4184 712 4215 mc
734 4166 918 4223 consolaretur,
946 4164 988 4215 sed
1011 4165 1045 4216 ita
1069 4173 1098 4218 ut
1120 4168 1236 4237 plerique
1253 4168 1326 4220 lacila

206 4236 379 4304 conjectarent
395 4254 473 4305 quem
493 4236 629 4307 impeteret
649 4236 761 4304 (Erasini
781 4255 867 4307 opera.
892 4235 938 4296 lx,
962 4237 1038 4304 371.)
1057 4267 1092 4275 -
1114 4237 1186 4289 ldem
1205 4238 1327 4290 Erasmus

207 4313 342 4376 postquam
362 4307 509 4378 supputavit
530 4310 581 4360 310
601 4308 750 4367 calumnias,
779 4312 824 4360 181
847 4308 986 4367 mendacia,
1007 4310 1039 4360 47
1059 4308 1238 4380 blasphemias.
1261 4329 1326 4381 quae

208 4379 403 4429 continebantur
417 4379 443 4429 in
459 4379 572 4429 censuris
587 4398 600 4429 a
616 4379 685 4430 Beda
698 4387 785 4430 contra
801 4399 860 4431 euin
876 4379 990 4449 prolatis,
1005 4378 1094 4431 addit:
1115 4406 1124 4428 ι
1141 4381 1198 4433 Non
1211 4383 1325 4452 imputa-

208 4450 321 4500 vimus...
339 4450 524 4521 propositiones
538 4469 649 4519 quarum
667 4469 800 4502 censuram
819 4451 892 4502 cessit
903 4451 1000 4502 Jodoco
1018 4450 1169 4504 Clichtoveo
1184 4474 1198 4504 1)
1215 4452 1324 4524 (Opera,

210 4519 253 4581 IX,
271 4524 331 4574 426.

242 4597 266 4644 l.
288 4591 356 4663 Opp.
370 4592 417 4652 lx,
436 4612 460 4663 p.
479 4595 539 4646 652.
